epoch,train_loss,val_loss,val_pos_rmse,val_quat_angle_deg,epoch_time,current_lr,lstm_layers,lstm_hidden_size,bidirectional,dropout_rate,sequence_length,batch_size,learning_rate,lr_scheduler,optimizer,timestamp
1,0.024453856563195587,0.018983048267192514,0.025725818184905873,1.5925071730892446,2025-01-29 00:06:52,0.001,2,128,True,0.5,200,32,0.001,"['type=ReduceLROnPlateau', 'mode=min', 'factor=0.1', 'patience=10', 'threshold=0.0001', 'min_lr=1e-06']",Adam,20250129_000647
2,0.01749410964406618,0.01850777800699748,0.02532923307680059,0.9316593615093687,2025-01-29 00:06:56,0.001,2,128,True,0.5,200,32,0.001,"['type=ReduceLROnPlateau', 'mode=min', 'factor=0.1', 'patience=10', 'threshold=0.0001', 'min_lr=1e-06']",Adam,20250129_000647
3,0.0170125318613051,0.018378032332234014,0.02523898806689877,1.2778479987273867,2025-01-29 00:06:59,0.001,2,128,True,0.5,200,32,0.001,"['type=ReduceLROnPlateau', 'mode=min', 'factor=0.1', 'patience=10', 'threshold=0.0001', 'min_lr=1e-06']",Adam,20250129_000647
4,0.016948520470830817,0.018341723659780818,0.025186362931926942,1.4342547673703576,2025-01-29 00:07:03,0.001,2,128,True,0.5,200,32,0.001,"['type=ReduceLROnPlateau', 'mode=min', 'factor=0.1', 'patience=10', 'threshold=0.0001', 'min_lr=1e-06']",Adam,20250129_000647
5,0.016965605334659878,0.01832460445813208,0.025185225391596976,1.529826259274374,2025-01-29 00:07:06,0.001,2,128,True,0.5,200,32,0.001,"['type=ReduceLROnPlateau', 'mode=min', 'factor=0.1', 'patience=10', 'threshold=0.0001', 'min_lr=1e-06']",Adam,20250129_000647
6,0.017745512375031688,0.018687363002431866,0.0254871849285389,2.1550108742566545,2025-01-29 00:07:10,0.001,2,128,True,0.5,200,32,0.001,"['type=ReduceLROnPlateau', 'mode=min', 'factor=0.1', 'patience=10', 'threshold=0.0001', 'min_lr=1e-06']",Adam,20250129_000647
7,0.016992001693905898,0.01838916698557751,0.025176383883353057,2.265681893310929,2025-01-29 00:07:13,0.001,2,128,True,0.5,200,32,0.001,"['type=ReduceLROnPlateau', 'mode=min', 'factor=0.1', 'patience=10', 'threshold=0.0001', 'min_lr=1e-06']",Adam,20250129_000647
8,0.0169022104122233,0.018341858018294115,0.025136178967929402,2.20599401678915,2025-01-29 00:07:16,0.001,2,128,True,0.5,200,32,0.001,"['type=ReduceLROnPlateau', 'mode=min', 'factor=0.1', 'patience=10', 'threshold=0.0001', 'min_lr=1e-06']",Adam,20250129_000647
9,0.01689071100355671,0.018384794084459682,0.025180667271031847,2.1555083906516757,2025-01-29 00:07:20,0.001,2,128,True,0.5,200,32,0.001,"['type=ReduceLROnPlateau', 'mode=min', 'factor=0.1', 'patience=10', 'threshold=0.0001', 'min_lr=1e-06']",Adam,20250129_000647
10,0.01686629942993111,0.018386469381452303,0.02517716650495824,2.1514858371147603,2025-01-29 00:07:23,0.001,2,128,True,0.5,200,32,0.001,"['type=ReduceLROnPlateau', 'mode=min', 'factor=0.1', 'patience=10', 'threshold=0.0001', 'min_lr=1e-06']",Adam,20250129_000647
11,0.0168580849162337,0.018345332850275613,0.02515363005791174,2.0357001906589263,2025-01-29 00:07:27,0.001,2,128,True,0.5,200,32,0.001,"['type=ReduceLROnPlateau', 'mode=min', 'factor=0.1', 'patience=10', 'threshold=0.0001', 'min_lr=1e-06']",Adam,20250129_000647
12,0.016857403517621227,0.01835747449180094,0.025166954225410862,1.9358515835290322,2025-01-29 00:07:30,0.001,2,128,True,0.5,200,32,0.001,"['type=ReduceLROnPlateau', 'mode=min', 'factor=0.1', 'patience=10', 'threshold=0.0001', 'min_lr=1e-06']",Adam,20250129_000647
13,0.016849719766717654,0.018322094741808338,0.02514414650486343,1.8362898329988642,2025-01-29 00:07:34,0.001,2,128,True,0.5,200,32,0.001,"['type=ReduceLROnPlateau', 'mode=min', 'factor=0.1', 'patience=10', 'threshold=0.0001', 'min_lr=1e-06']",Adam,20250129_000647
14,0.016845312697398362,0.01833310463491862,0.025158623469155688,1.6834951319267784,2025-01-29 00:07:37,0.001,2,128,True,0.5,200,32,0.001,"['type=ReduceLROnPlateau', 'mode=min', 'factor=0.1', 'patience=10', 'threshold=0.0001', 'min_lr=1e-06']",Adam,20250129_000647
15,0.01684119233921193,0.018300120261819843,0.025135393590140546,1.560650483592312,2025-01-29 00:07:41,0.001,2,128,True,0.5,200,32,0.001,"['type=ReduceLROnPlateau', 'mode=min', 'factor=0.1', 'patience=10', 'threshold=0.0001', 'min_lr=1e-06']",Adam,20250129_000647
16,0.016839192666982233,0.01829152940946553,0.025135280385574187,1.488576948005018,2025-01-29 00:07:44,0.001,2,128,True,0.5,200,32,0.001,"['type=ReduceLROnPlateau', 'mode=min', 'factor=0.1', 'patience=10', 'threshold=0.0001', 'min_lr=1e-06']",Adam,20250129_000647
17,0.016842148384922637,0.018284292402024442,0.025137408254745735,1.4459078331826476,2025-01-29 00:07:48,0.001,2,128,True,0.5,200,32,0.001,"['type=ReduceLROnPlateau', 'mode=min', 'factor=0.1', 'patience=10', 'threshold=0.0001', 'min_lr=1e-06']",Adam,20250129_000647
18,0.016835427364240763,0.018289443934510385,0.025139193636846198,1.4307437663769216,2025-01-29 00:07:51,0.001,2,128,True,0.5,200,32,0.001,"['type=ReduceLROnPlateau', 'mode=min', 'factor=0.1', 'patience=10', 'threshold=0.0001', 'min_lr=1e-06']",Adam,20250129_000647
19,0.016840318839559786,0.01828780130996743,0.02513338131317693,1.4413833921023171,2025-01-29 00:07:55,0.001,2,128,True,0.5,200,32,0.001,"['type=ReduceLROnPlateau', 'mode=min', 'factor=0.1', 'patience=10', 'threshold=0.0001', 'min_lr=1e-06']",Adam,20250129_000647
20,0.01683858186375668,0.01829516059919217,0.02514090653168921,1.4732207418121428,2025-01-29 00:07:58,0.001,2,128,True,0.5,200,32,0.001,"['type=ReduceLROnPlateau', 'mode=min', 'factor=0.1', 'patience=10', 'threshold=0.0001', 'min_lr=1e-06']",Adam,20250129_000647
21,0.016841988855044402,0.018298970504933707,0.02513486626588063,1.5096668529576225,2025-01-29 00:08:02,0.001,2,128,True,0.5,200,32,0.001,"['type=ReduceLROnPlateau', 'mode=min', 'factor=0.1', 'patience=10', 'threshold=0.0001', 'min_lr=1e-06']",Adam,20250129_000647
22,0.016832958444209043,0.018291665909150354,0.025134827275100226,1.5482887419395,2025-01-29 00:08:05,0.001,2,128,True,0.5,200,32,0.001,"['type=ReduceLROnPlateau', 'mode=min', 'factor=0.1', 'patience=10', 'threshold=0.0001', 'min_lr=1e-06']",Adam,20250129_000647
23,0.016838410510269856,0.018292514783565268,0.025135752352410577,1.583983887132184,2025-01-29 00:08:08,0.001,2,128,True,0.5,200,32,0.001,"['type=ReduceLROnPlateau', 'mode=min', 'factor=0.1', 'patience=10', 'threshold=0.0001', 'min_lr=1e-06']",Adam,20250129_000647
24,0.01683320547624423,0.01830802480559622,0.025139357501950066,1.6077243894083386,2025-01-29 00:08:12,0.001,2,128,True,0.5,200,32,0.001,"['type=ReduceLROnPlateau', 'mode=min', 'factor=0.1', 'patience=10', 'threshold=0.0001', 'min_lr=1e-06']",Adam,20250129_000647
25,0.01683550951732663,0.01830694465636859,0.025142521226075364,1.6178264579328818,2025-01-29 00:08:15,0.001,2,128,True,0.5,200,32,0.001,"['type=ReduceLROnPlateau', 'mode=min', 'factor=0.1', 'patience=10', 'threshold=0.0001', 'min_lr=1e-06']",Adam,20250129_000647
26,0.01683176964799669,0.01830040597548343,0.02513837022443018,1.6142319697084895,2025-01-29 00:08:19,0.001,2,128,True,0.5,200,32,0.001,"['type=ReduceLROnPlateau', 'mode=min', 'factor=0.1', 'patience=10', 'threshold=0.0001', 'min_lr=1e-06']",Adam,20250129_000647
27,0.01682650981614332,0.018288688668894156,0.025129719068890874,1.6015684748949095,2025-01-29 00:08:22,0.001,2,128,True,0.5,200,32,0.001,"['type=ReduceLROnPlateau', 'mode=min', 'factor=0.1', 'patience=10', 'threshold=0.0001', 'min_lr=1e-06']",Adam,20250129_000647
28,0.016832189764912672,0.01830198186684713,0.025140587494479588,1.5792028942555458,2025-01-29 00:08:26,0.0001,2,128,True,0.5,200,32,0.001,"['type=ReduceLROnPlateau', 'mode=min', 'factor=0.1', 'patience=10', 'threshold=0.0001', 'min_lr=1e-06']",Adam,20250129_000647
29,0.016337313757153093,0.01788960937758751,0.02487688820601246,0.849067810920672,2025-01-29 00:08:29,0.0001,2,128,True,0.5,200,32,0.001,"['type=ReduceLROnPlateau', 'mode=min', 'factor=0.1', 'patience=10', 'threshold=0.0001', 'min_lr=1e-06']",Adam,20250129_000647
30,0.01622808971910783,0.017848097239446904,0.02486243736686708,0.8619031978725231,2025-01-29 00:08:33,0.0001,2,128,True,0.5,200,32,0.001,"['type=ReduceLROnPlateau', 'mode=min', 'factor=0.1', 'patience=10', 'threshold=0.0001', 'min_lr=1e-06']",Adam,20250129_000647
31,0.016216352588011566,0.01784771305474096,0.024861568119502825,0.8725131379144203,2025-01-29 00:08:36,0.0001,2,128,True,0.5,200,32,0.001,"['type=ReduceLROnPlateau', 'mode=min', 'factor=0.1', 'patience=10', 'threshold=0.0001', 'min_lr=1e-06']",Adam,20250129_000647
32,0.016214898011360387,0.017849048608304743,0.024861500475175432,0.8801290253109222,2025-01-29 00:08:39,0.0001,2,128,True,0.5,200,32,0.001,"['type=ReduceLROnPlateau', 'mode=min', 'factor=0.1', 'patience=10', 'threshold=0.0001', 'min_lr=1e-06']",Adam,20250129_000647
33,0.016216866887123437,0.01784687559120357,0.0248613244155937,0.8845151799487846,2025-01-29 00:08:43,0.0001,2,128,True,0.5,200,32,0.001,"['type=ReduceLROnPlateau', 'mode=min', 'factor=0.1', 'patience=10', 'threshold=0.0001', 'min_lr=1e-06']",Adam,20250129_000647
34,0.016216593448473027,0.01784738911768404,0.02486175105859529,0.8882316391764332,2025-01-29 00:08:46,0.0001,2,128,True,0.5,200,32,0.001,"['type=ReduceLROnPlateau', 'mode=min', 'factor=0.1', 'patience=10', 'threshold=0.0001', 'min_lr=1e-06']",Adam,20250129_000647
35,0.016217047071777194,0.017847122746371777,0.024861947893624465,0.8911125062840413,2025-01-29 00:08:50,0.0001,2,128,True,0.5,200,32,0.001,"['type=ReduceLROnPlateau', 'mode=min', 'factor=0.1', 'patience=10', 'threshold=0.0001', 'min_lr=1e-06']",Adam,20250129_000647
36,0.01621618687442118,0.017846128717282455,0.02486116599228169,0.8930798818445441,2025-01-29 00:08:53,0.0001,2,128,True,0.5,200,32,0.001,"['type=ReduceLROnPlateau', 'mode=min', 'factor=0.1', 'patience=10', 'threshold=0.0001', 'min_lr=1e-06']",Adam,20250129_000647
37,0.01621689761587044,0.017846063150432412,0.02486114856007427,0.8925903827929953,2025-01-29 00:08:57,0.0001,2,128,True,0.5,200,32,0.001,"['type=ReduceLROnPlateau', 'mode=min', 'factor=0.1', 'patience=10', 'threshold=0.0001', 'min_lr=1e-06']",Adam,20250129_000647
38,0.01621629732288988,0.017846053969941895,0.024861151397818665,0.89284444572006,2025-01-29 00:09:00,0.0001,2,128,True,0.5,200,32,0.001,"['type=ReduceLROnPlateau', 'mode=min', 'factor=0.1', 'patience=10', 'threshold=0.0001', 'min_lr=1e-06']",Adam,20250129_000647
39,0.016216355953408156,0.01784608068236228,0.024861483654292346,0.8918550292221222,2025-01-29 00:09:04,0.0001,2,128,True,0.5,200,32,0.001,"['type=ReduceLROnPlateau', 'mode=min', 'factor=0.1', 'patience=10', 'threshold=0.0001', 'min_lr=1e-06']",Adam,20250129_000647
40,0.016216029878208846,0.017845739536509614,0.02486155478300869,0.892078759496516,2025-01-29 00:09:07,0.0001,2,128,True,0.5,200,32,0.001,"['type=ReduceLROnPlateau', 'mode=min', 'factor=0.1', 'patience=10', 'threshold=0.0001', 'min_lr=1e-06']",Adam,20250129_000647
41,0.01621607987411752,0.017846716274115666,0.024861685617731045,0.8914101215163812,2025-01-29 00:09:11,0.0001,2,128,True,0.5,200,32,0.001,"['type=ReduceLROnPlateau', 'mode=min', 'factor=0.1', 'patience=10', 'threshold=0.0001', 'min_lr=1e-06']",Adam,20250129_000647
42,0.016217516131327124,0.017846284750805488,0.024861150959848737,0.8893497502697661,2025-01-29 00:09:14,0.0001,2,128,True,0.5,200,32,0.001,"['type=ReduceLROnPlateau', 'mode=min', 'factor=0.1', 'patience=10', 'threshold=0.0001', 'min_lr=1e-06']",Adam,20250129_000647
43,0.016216998085274544,0.017845761175615555,0.024861255844793064,0.8863342272992382,2025-01-29 00:09:18,0.0001,2,128,True,0.5,200,32,0.001,"['type=ReduceLROnPlateau', 'mode=min', 'factor=0.1', 'patience=10', 'threshold=0.0001', 'min_lr=1e-06']",Adam,20250129_000647
44,0.016218117188602662,0.017843367029242566,0.024860797303067346,0.8836005470653997,2025-01-29 00:09:21,0.0001,2,128,True,0.5,200,32,0.001,"['type=ReduceLROnPlateau', 'mode=min', 'factor=0.1', 'patience=10', 'threshold=0.0001', 'min_lr=1e-06']",Adam,20250129_000647
45,0.01621898325975053,0.017845098425364383,0.02486180346742032,0.8857848406643105,2025-01-29 00:09:24,0.0001,2,128,True,0.5,200,32,0.001,"['type=ReduceLROnPlateau', 'mode=min', 'factor=0.1', 'patience=10', 'threshold=0.0001', 'min_lr=1e-06']",Adam,20250129_000647
46,0.016216471236449006,0.01784544240544054,0.024861542940658822,0.8828842952461002,2025-01-29 00:09:28,0.0001,2,128,True,0.5,200,32,0.001,"['type=ReduceLROnPlateau', 'mode=min', 'factor=0.1', 'patience=10', 'threshold=0.0001', 'min_lr=1e-06']",Adam,20250129_000647
47,0.016217094953044135,0.01784592300270484,0.024861299196116547,0.8810407935393612,2025-01-29 00:09:31,0.0001,2,128,True,0.5,200,32,0.001,"['type=ReduceLROnPlateau', 'mode=min', 'factor=0.1', 'patience=10', 'threshold=0.0001', 'min_lr=1e-06']",Adam,20250129_000647
48,0.01621614995174019,0.017846732292646352,0.02486131032406532,0.8780508915080637,2025-01-29 00:09:35,0.0001,2,128,True,0.5,200,32,0.001,"['type=ReduceLROnPlateau', 'mode=min', 'factor=0.1', 'patience=10', 'threshold=0.0001', 'min_lr=1e-06']",Adam,20250129_000647
49,0.016217353863133367,0.01784484724570762,0.024861306248038992,0.8767071634975651,2025-01-29 00:09:38,0.0001,2,128,True,0.5,200,32,0.001,"['type=ReduceLROnPlateau', 'mode=min', 'factor=0.1', 'patience=10', 'threshold=0.0001', 'min_lr=1e-06']",Adam,20250129_000647
50,0.01621649695046405,0.017843431697409845,0.02486118650804082,0.875602548024705,2025-01-29 00:09:42,0.0001,2,128,True,0.5,200,32,0.001,"['type=ReduceLROnPlateau', 'mode=min', 'factor=0.1', 'patience=10', 'threshold=0.0001', 'min_lr=1e-06']",Adam,20250129_000647
51,0.0162162024703121,0.017844734981081613,0.024861349960870405,0.8734209456579684,2025-01-29 00:09:45,0.0001,2,128,True,0.5,200,32,0.001,"['type=ReduceLROnPlateau', 'mode=min', 'factor=0.1', 'patience=10', 'threshold=0.0001', 'min_lr=1e-06']",Adam,20250129_000647
52,0.016217092355207834,0.017844940233261924,0.024860957518017462,0.8742799691768226,2025-01-29 00:09:49,0.0001,2,128,True,0.5,200,32,0.001,"['type=ReduceLROnPlateau', 'mode=min', 'factor=0.1', 'patience=10', 'threshold=0.0001', 'min_lr=1e-06']",Adam,20250129_000647
53,0.01621675493874269,0.017844736892686477,0.02486128998298849,0.8717256888161146,2025-01-29 00:09:52,0.0001,2,128,True,0.5,200,32,0.001,"['type=ReduceLROnPlateau', 'mode=min', 'factor=0.1', 'patience=10', 'threshold=0.0001', 'min_lr=1e-06']",Adam,20250129_000647
54,0.016215316052605375,0.017844032004440777,0.024861400697057973,0.8682246691696915,2025-01-29 00:09:55,0.0001,2,128,True,0.5,200,32,0.001,"['type=ReduceLROnPlateau', 'mode=min', 'factor=0.1', 'patience=10', 'threshold=0.0001', 'min_lr=1e-06']",Adam,20250129_000647
55,0.016228563440026624,0.017840746336477312,0.02484984213404444,0.8570974902249227,2025-01-29 00:09:59,0.0001,2,128,True,0.5,200,32,0.001,"['type=ReduceLROnPlateau', 'mode=min', 'factor=0.1', 'patience=10', 'threshold=0.0001', 'min_lr=1e-06']",Adam,20250129_000647
56,0.016174450807384125,0.017957204934340144,0.024937847743930968,0.8735173586204757,2025-01-29 00:10:02,0.0001,2,128,True,0.5,200,32,0.001,"['type=ReduceLROnPlateau', 'mode=min', 'factor=0.1', 'patience=10', 'threshold=0.0001', 'min_lr=1e-06']",Adam,20250129_000647
57,0.015990282066532684,0.01752508629796696,0.024328197557580793,0.7550474380650164,2025-01-29 00:10:06,0.0001,2,128,True,0.5,200,32,0.001,"['type=ReduceLROnPlateau', 'mode=min', 'factor=0.1', 'patience=10', 'threshold=0.0001', 'min_lr=1e-06']",Adam,20250129_000647
58,0.015506022873195456,0.017146036824185366,0.023653968648286547,0.662854315793547,2025-01-29 00:10:09,0.0001,2,128,True,0.5,200,32,0.001,"['type=ReduceLROnPlateau', 'mode=min', 'factor=0.1', 'patience=10', 'threshold=0.0001', 'min_lr=1e-06']",Adam,20250129_000647
59,0.015244667734893993,0.016978297208514168,0.02346904104589357,0.5906512600604896,2025-01-29 00:10:13,0.0001,2,128,True,0.5,200,32,0.001,"['type=ReduceLROnPlateau', 'mode=min', 'factor=0.1', 'patience=10', 'threshold=0.0001', 'min_lr=1e-06']",Adam,20250129_000647
60,0.015012930313312653,0.016703919813289333,0.02283213654885124,0.5792497375269076,2025-01-29 00:10:16,0.0001,2,128,True,0.5,200,32,0.001,"['type=ReduceLROnPlateau', 'mode=min', 'factor=0.1', 'patience=10', 'threshold=0.0001', 'min_lr=1e-06']",Adam,20250129_000647
61,0.014812972440480868,0.016381625967343973,0.022339815909147204,0.594057857358243,2025-01-29 00:10:20,0.0001,2,128,True,0.5,200,32,0.001,"['type=ReduceLROnPlateau', 'mode=min', 'factor=0.1', 'patience=10', 'threshold=0.0001', 'min_lr=1e-06']",Adam,20250129_000647
62,0.014729945625039386,0.016355306062429586,0.022152573479747,0.6753555817273679,2025-01-29 00:10:23,0.0001,2,128,True,0.5,200,32,0.001,"['type=ReduceLROnPlateau', 'mode=min', 'factor=0.1', 'patience=10', 'threshold=0.0001', 'min_lr=1e-06']",Adam,20250129_000647
63,0.014636335117180219,0.016170280383873695,0.02178332223550112,0.7238378149559065,2025-01-29 00:10:27,0.0001,2,128,True,0.5,200,32,0.001,"['type=ReduceLROnPlateau', 'mode=min', 'factor=0.1', 'patience=10', 'threshold=0.0001', 'min_lr=1e-06']",Adam,20250129_000647
64,0.01442785749052901,0.015940587320277973,0.021275473445378775,0.775441516592033,2025-01-29 00:10:30,0.0001,2,128,True,0.5,200,32,0.001,"['type=ReduceLROnPlateau', 'mode=min', 'factor=0.1', 'patience=10', 'threshold=0.0001', 'min_lr=1e-06']",Adam,20250129_000647
65,0.014180731118611265,0.016018495064829344,0.021125309108894905,0.8370339608933266,2025-01-29 00:10:34,0.0001,2,128,True,0.5,200,32,0.001,"['type=ReduceLROnPlateau', 'mode=min', 'factor=0.1', 'patience=10', 'threshold=0.0001', 'min_lr=1e-06']",Adam,20250129_000647
66,0.014069675974457001,0.015412729001760692,0.020404478469169866,0.8596259953456393,2025-01-29 00:10:37,0.0001,2,128,True,0.5,200,32,0.001,"['type=ReduceLROnPlateau', 'mode=min', 'factor=0.1', 'patience=10', 'threshold=0.0001', 'min_lr=1e-06']",Adam,20250129_000647
67,0.013740800010188051,0.015251865582192473,0.020413339088055024,0.8529953137552645,2025-01-29 00:10:41,0.0001,2,128,True,0.5,200,32,0.001,"['type=ReduceLROnPlateau', 'mode=min', 'factor=0.1', 'patience=10', 'threshold=0.0001', 'min_lr=1e-06']",Adam,20250129_000647
68,0.013550714133364125,0.015034256729832633,0.020008592685369742,0.8097290162932036,2025-01-29 00:10:44,0.0001,2,128,True,0.5,200,32,0.001,"['type=ReduceLROnPlateau', 'mode=min', 'factor=0.1', 'patience=10', 'threshold=0.0001', 'min_lr=1e-06']",Adam,20250129_000647
69,0.013229885433584724,0.01478440605896029,0.019812970709003987,0.8152920825674123,2025-01-29 00:10:48,0.0001,2,128,True,0.5,200,32,0.001,"['type=ReduceLROnPlateau', 'mode=min', 'factor=0.1', 'patience=10', 'threshold=0.0001', 'min_lr=1e-06']",Adam,20250129_000647
70,0.012942231999051462,0.014834932990537557,0.019829772811374886,0.801921253461879,2025-01-29 00:10:51,0.0001,2,128,True,0.5,200,32,0.001,"['type=ReduceLROnPlateau', 'mode=min', 'factor=0.1', 'patience=10', 'threshold=0.0001', 'min_lr=1e-06']",Adam,20250129_000647
71,0.012692789076515132,0.014888432461150408,0.01996278256654423,0.813539544034392,2025-01-29 00:10:55,0.0001,2,128,True,0.5,200,32,0.001,"['type=ReduceLROnPlateau', 'mode=min', 'factor=0.1', 'patience=10', 'threshold=0.0001', 'min_lr=1e-06']",Adam,20250129_000647
72,0.012424369233308315,0.014922724212041107,0.02010323175191562,0.8016377395517962,2025-01-29 00:10:58,0.0001,2,128,True,0.5,200,32,0.001,"['type=ReduceLROnPlateau', 'mode=min', 'factor=0.1', 'patience=10', 'threshold=0.0001', 'min_lr=1e-06']",Adam,20250129_000647
73,0.01233563983327391,0.014841040547406214,0.01994029330897209,0.7613001105787108,2025-01-29 00:11:02,0.0001,2,128,True,0.5,200,32,0.001,"['type=ReduceLROnPlateau', 'mode=min', 'factor=0.1', 'patience=10', 'threshold=0.0001', 'min_lr=1e-06']",Adam,20250129_000647
74,0.012168610524442956,0.014922093015782118,0.020123127333567085,0.7890697588882734,2025-01-29 00:11:05,0.0001,2,128,True,0.5,200,32,0.001,"['type=ReduceLROnPlateau', 'mode=min', 'factor=0.1', 'patience=10', 'threshold=0.0001', 'min_lr=1e-06']",Adam,20250129_000647
75,0.012038891995396669,0.01461921199594807,0.01976307093063173,0.8081875833305474,2025-01-29 00:11:08,0.0001,2,128,True,0.5,200,32,0.001,"['type=ReduceLROnPlateau', 'mode=min', 'factor=0.1', 'patience=10', 'threshold=0.0001', 'min_lr=1e-06']",Adam,20250129_000647
76,0.011906162478816242,0.014676410460052577,0.02009720244712297,0.7749318280316644,2025-01-29 00:11:12,0.0001,2,128,True,0.5,200,32,0.001,"['type=ReduceLROnPlateau', 'mode=min', 'factor=0.1', 'patience=10', 'threshold=0.0001', 'min_lr=1e-06']",Adam,20250129_000647
77,0.011805629572779985,0.014833703253061345,0.020228184174885207,0.7690142858298836,2025-01-29 00:11:15,0.0001,2,128,True,0.5,200,32,0.001,"['type=ReduceLROnPlateau', 'mode=min', 'factor=0.1', 'patience=10', 'threshold=0.0001', 'min_lr=1e-06']",Adam,20250129_000647
78,0.01174769741774071,0.014536886225197743,0.01986911494767685,0.7385694818927957,2025-01-29 00:11:19,0.0001,2,128,True,0.5,200,32,0.001,"['type=ReduceLROnPlateau', 'mode=min', 'factor=0.1', 'patience=10', 'threshold=0.0001', 'min_lr=1e-06']",Adam,20250129_000647
79,0.011589859766678362,0.014703099346049478,0.020372508640469897,0.7770963858448489,2025-01-29 00:11:22,0.0001,2,128,True,0.5,200,32,0.001,"['type=ReduceLROnPlateau', 'mode=min', 'factor=0.1', 'patience=10', 'threshold=0.0001', 'min_lr=1e-06']",Adam,20250129_000647
80,0.01157599997354626,0.014609206183356555,0.020202204377812928,0.7448736256244117,2025-01-29 00:11:26,0.0001,2,128,True,0.5,200,32,0.001,"['type=ReduceLROnPlateau', 'mode=min', 'factor=0.1', 'patience=10', 'threshold=0.0001', 'min_lr=1e-06']",Adam,20250129_000647
81,0.011436944229318192,0.014306092749036431,0.01950506105092468,0.7545155940598263,2025-01-29 00:11:29,0.0001,2,128,True,0.5,200,32,0.001,"['type=ReduceLROnPlateau', 'mode=min', 'factor=0.1', 'patience=10', 'threshold=0.0001', 'min_lr=1e-06']",Adam,20250129_000647
82,0.01135594873439248,0.014242256196785857,0.019365073528549957,0.7434888356583956,2025-01-29 00:11:33,0.0001,2,128,True,0.5,200,32,0.001,"['type=ReduceLROnPlateau', 'mode=min', 'factor=0.1', 'patience=10', 'threshold=0.0001', 'min_lr=1e-06']",Adam,20250129_000647
83,0.011201507913547841,0.014604501248876973,0.020026051755626575,0.7381545271111796,2025-01-29 00:11:36,0.0001,2,128,True,0.5,200,32,0.001,"['type=ReduceLROnPlateau', 'mode=min', 'factor=0.1', 'patience=10', 'threshold=0.0001', 'min_lr=1e-06']",Adam,20250129_000647
84,0.01124591512609807,0.014031938471391833,0.019083836047551966,0.7329794552658451,2025-01-29 00:11:40,0.0001,2,128,True,0.5,200,32,0.001,"['type=ReduceLROnPlateau', 'mode=min', 'factor=0.1', 'patience=10', 'threshold=0.0001', 'min_lr=1e-06']",Adam,20250129_000647
85,0.011018976641083478,0.014364458832163016,0.01959789544718015,0.7435638373293308,2025-01-29 00:11:43,0.0001,2,128,True,0.5,200,32,0.001,"['type=ReduceLROnPlateau', 'mode=min', 'factor=0.1', 'patience=10', 'threshold=0.0001', 'min_lr=1e-06']",Adam,20250129_000647
86,0.010970001913629835,0.014776983474072278,0.021034678320498403,0.7773166808584941,2025-01-29 00:11:47,0.0001,2,128,True,0.5,200,32,0.001,"['type=ReduceLROnPlateau', 'mode=min', 'factor=0.1', 'patience=10', 'threshold=0.0001', 'min_lr=1e-06']",Adam,20250129_000647
87,0.010767126370650125,0.013187256830588863,0.01786264381950888,0.7157101038480399,2025-01-29 00:11:50,0.0001,2,128,True,0.5,200,32,0.001,"['type=ReduceLROnPlateau', 'mode=min', 'factor=0.1', 'patience=10', 'threshold=0.0001', 'min_lr=1e-06']",Adam,20250129_000647
88,0.010632234061400906,0.01334680320635747,0.01812573429640139,0.6982736729297274,2025-01-29 00:11:53,0.0001,2,128,True,0.5,200,32,0.001,"['type=ReduceLROnPlateau', 'mode=min', 'factor=0.1', 'patience=10', 'threshold=0.0001', 'min_lr=1e-06']",Adam,20250129_000647
89,0.010536715618928145,0.013084654931020357,0.017613323188649218,0.7175257068364781,2025-01-29 00:11:57,0.0001,2,128,True,0.5,200,32,0.001,"['type=ReduceLROnPlateau', 'mode=min', 'factor=0.1', 'patience=10', 'threshold=0.0001', 'min_lr=1e-06']",Adam,20250129_000647
90,0.010389513483131873,0.01283651939851654,0.017325837748734713,0.7177322121527537,2025-01-29 00:12:01,0.0001,2,128,True,0.5,200,32,0.001,"['type=ReduceLROnPlateau', 'mode=min', 'factor=0.1', 'patience=10', 'threshold=0.0001', 'min_lr=1e-06']",Adam,20250129_000647
91,0.010417742446411356,0.012867323441700749,0.017313145278669458,0.7404010739371681,2025-01-29 00:12:04,0.0001,2,128,True,0.5,200,32,0.001,"['type=ReduceLROnPlateau', 'mode=min', 'factor=0.1', 'patience=10', 'threshold=0.0001', 'min_lr=1e-06']",Adam,20250129_000647
92,0.010253844630198905,0.012761926388087309,0.017184948981962628,0.7173195161061184,2025-01-29 00:12:07,0.0001,2,128,True,0.5,200,32,0.001,"['type=ReduceLROnPlateau', 'mode=min', 'factor=0.1', 'patience=10', 'threshold=0.0001', 'min_lr=1e-06']",Adam,20250129_000647
93,0.010081263290428579,0.012509377345782226,0.016887453541413647,0.7357624993379406,2025-01-29 00:12:11,0.0001,2,128,True,0.5,200,32,0.001,"['type=ReduceLROnPlateau', 'mode=min', 'factor=0.1', 'patience=10', 'threshold=0.0001', 'min_lr=1e-06']",Adam,20250129_000647
94,0.009998120278369908,0.012601314189247613,0.016971578519416795,0.731121244477929,2025-01-29 00:12:15,0.0001,2,128,True,0.5,200,32,0.001,"['type=ReduceLROnPlateau', 'mode=min', 'factor=0.1', 'patience=10', 'threshold=0.0001', 'min_lr=1e-06']",Adam,20250129_000647
95,0.009932731900565758,0.012520240919520887,0.01692402871540894,0.7349829631055489,2025-01-29 00:12:18,0.0001,2,128,True,0.5,200,32,0.001,"['type=ReduceLROnPlateau', 'mode=min', 'factor=0.1', 'patience=10', 'threshold=0.0001', 'min_lr=1e-06']",Adam,20250129_000647
96,0.009816288812584301,0.01232688529901076,0.016618026497200143,0.778133891037438,2025-01-29 00:12:21,0.0001,2,128,True,0.5,200,32,0.001,"['type=ReduceLROnPlateau', 'mode=min', 'factor=0.1', 'patience=10', 'threshold=0.0001', 'min_lr=1e-06']",Adam,20250129_000647
97,0.009642400336735768,0.01232291556088032,0.01649479608581107,0.7547895251773505,2025-01-29 00:12:25,0.0001,2,128,True,0.5,200,32,0.001,"['type=ReduceLROnPlateau', 'mode=min', 'factor=0.1', 'patience=10', 'threshold=0.0001', 'min_lr=1e-06']",Adam,20250129_000647
98,0.009478194716176381,0.011982841411481445,0.0160980230968538,0.8231717082546434,2025-01-29 00:12:29,0.0001,2,128,True,0.5,200,32,0.001,"['type=ReduceLROnPlateau', 'mode=min', 'factor=0.1', 'patience=10', 'threshold=0.0001', 'min_lr=1e-06']",Adam,20250129_000647
99,0.009392693788792778,0.011859579089045455,0.015995662320196745,0.7955853114930922,2025-01-29 00:12:32,0.0001,2,128,True,0.5,200,32,0.001,"['type=ReduceLROnPlateau', 'mode=min', 'factor=0.1', 'patience=10', 'threshold=0.0001', 'min_lr=1e-06']",Adam,20250129_000647
100,0.0092770647825801,0.011969344545874927,0.016152676410438195,0.8109594333429756,2025-01-29 00:12:36,0.0001,2,128,True,0.5,200,32,0.001,"['type=ReduceLROnPlateau', 'mode=min', 'factor=0.1', 'patience=10', 'threshold=0.0001', 'min_lr=1e-06']",Adam,20250129_000647
