epoch,train_loss,val_loss,val_pos_rmse,val_quat_angle_deg,epoch_time,current_lr,lstm_layers,lstm_hidden_size,bidirectional,dropout_rate,sequence_length,batch_size,learning_rate,lr_scheduler,optimizer,timestamp
1,0.024453856563195587,0.018983048267192514,0.025725818184905873,1.5925071730892446,2025-01-29 00:35:38,0.001,2,128,True,0.5,200,32,0.001,"['type=ReduceLROnPlateau', 'mode=min', 'factor=0.1', 'patience=10', 'threshold=0.0001', 'min_lr=1e-06']",Adam,20250129_003533
2,0.01749410964406618,0.01850777800699748,0.02532923307680059,0.9316593615093687,2025-01-29 00:35:41,0.001,2,128,True,0.5,200,32,0.001,"['type=ReduceLROnPlateau', 'mode=min', 'factor=0.1', 'patience=10', 'threshold=0.0001', 'min_lr=1e-06']",Adam,20250129_003533
3,0.0170125318613051,0.018378032332234014,0.02523898806689877,1.2778479987273867,2025-01-29 00:35:45,0.001,2,128,True,0.5,200,32,0.001,"['type=ReduceLROnPlateau', 'mode=min', 'factor=0.1', 'patience=10', 'threshold=0.0001', 'min_lr=1e-06']",Adam,20250129_003533
4,0.016948520470830817,0.018341723659780818,0.025186362931926942,1.4342547673703576,2025-01-29 00:35:49,0.001,2,128,True,0.5,200,32,0.001,"['type=ReduceLROnPlateau', 'mode=min', 'factor=0.1', 'patience=10', 'threshold=0.0001', 'min_lr=1e-06']",Adam,20250129_003533
5,0.016965605334659878,0.01832460445813208,0.025185225391596976,1.529826259274374,2025-01-29 00:35:52,0.001,2,128,True,0.5,200,32,0.001,"['type=ReduceLROnPlateau', 'mode=min', 'factor=0.1', 'patience=10', 'threshold=0.0001', 'min_lr=1e-06']",Adam,20250129_003533
6,0.017745512375031688,0.018687363002431866,0.0254871849285389,2.1550108742566545,2025-01-29 00:35:56,0.001,2,128,True,0.5,200,32,0.001,"['type=ReduceLROnPlateau', 'mode=min', 'factor=0.1', 'patience=10', 'threshold=0.0001', 'min_lr=1e-06']",Adam,20250129_003533
7,0.016992001693905898,0.01838916698557751,0.025176383883353057,2.265681893310929,2025-01-29 00:35:59,0.001,2,128,True,0.5,200,32,0.001,"['type=ReduceLROnPlateau', 'mode=min', 'factor=0.1', 'patience=10', 'threshold=0.0001', 'min_lr=1e-06']",Adam,20250129_003533
8,0.0169022104122233,0.018341858018294115,0.025136178967929402,2.20599401678915,2025-01-29 00:36:03,0.001,2,128,True,0.5,200,32,0.001,"['type=ReduceLROnPlateau', 'mode=min', 'factor=0.1', 'patience=10', 'threshold=0.0001', 'min_lr=1e-06']",Adam,20250129_003533
9,0.01689071100355671,0.018384794084459682,0.025180667271031847,2.1555083906516757,2025-01-29 00:36:06,0.001,2,128,True,0.5,200,32,0.001,"['type=ReduceLROnPlateau', 'mode=min', 'factor=0.1', 'patience=10', 'threshold=0.0001', 'min_lr=1e-06']",Adam,20250129_003533
10,0.01686629942993111,0.018386469381452303,0.02517716650495824,2.1514858371147603,2025-01-29 00:36:10,0.001,2,128,True,0.5,200,32,0.001,"['type=ReduceLROnPlateau', 'mode=min', 'factor=0.1', 'patience=10', 'threshold=0.0001', 'min_lr=1e-06']",Adam,20250129_003533
11,0.0168580849162337,0.018345332850275613,0.02515363005791174,2.0357001906589263,2025-01-29 00:36:13,0.001,2,128,True,0.5,200,32,0.001,"['type=ReduceLROnPlateau', 'mode=min', 'factor=0.1', 'patience=10', 'threshold=0.0001', 'min_lr=1e-06']",Adam,20250129_003533
12,0.016857403517621227,0.01835747449180094,0.025166954225410862,1.9358515835290322,2025-01-29 00:36:16,0.001,2,128,True,0.5,200,32,0.001,"['type=ReduceLROnPlateau', 'mode=min', 'factor=0.1', 'patience=10', 'threshold=0.0001', 'min_lr=1e-06']",Adam,20250129_003533
13,0.016849719766717654,0.018322094741808338,0.02514414650486343,1.8362898329988642,2025-01-29 00:36:20,0.001,2,128,True,0.5,200,32,0.001,"['type=ReduceLROnPlateau', 'mode=min', 'factor=0.1', 'patience=10', 'threshold=0.0001', 'min_lr=1e-06']",Adam,20250129_003533
14,0.016845312697398362,0.01833310463491862,0.025158623469155688,1.6834951319267784,2025-01-29 00:36:24,0.001,2,128,True,0.5,200,32,0.001,"['type=ReduceLROnPlateau', 'mode=min', 'factor=0.1', 'patience=10', 'threshold=0.0001', 'min_lr=1e-06']",Adam,20250129_003533
15,0.01684119233921193,0.018300120261819843,0.025135393590140546,1.560650483592312,2025-01-29 00:36:27,0.001,2,128,True,0.5,200,32,0.001,"['type=ReduceLROnPlateau', 'mode=min', 'factor=0.1', 'patience=10', 'threshold=0.0001', 'min_lr=1e-06']",Adam,20250129_003533
16,0.016839192666982233,0.01829152940946553,0.025135280385574187,1.488576948005018,2025-01-29 00:36:31,0.001,2,128,True,0.5,200,32,0.001,"['type=ReduceLROnPlateau', 'mode=min', 'factor=0.1', 'patience=10', 'threshold=0.0001', 'min_lr=1e-06']",Adam,20250129_003533
17,0.016842148384922637,0.018284292402024442,0.025137408254745735,1.4459078331826476,2025-01-29 00:36:34,0.001,2,128,True,0.5,200,32,0.001,"['type=ReduceLROnPlateau', 'mode=min', 'factor=0.1', 'patience=10', 'threshold=0.0001', 'min_lr=1e-06']",Adam,20250129_003533
18,0.016835427364240763,0.018289443934510385,0.025139193636846198,1.4307437663769216,2025-01-29 00:36:38,0.001,2,128,True,0.5,200,32,0.001,"['type=ReduceLROnPlateau', 'mode=min', 'factor=0.1', 'patience=10', 'threshold=0.0001', 'min_lr=1e-06']",Adam,20250129_003533
19,0.016840318839559786,0.01828780130996743,0.02513338131317693,1.4413833921023171,2025-01-29 00:36:41,0.001,2,128,True,0.5,200,32,0.001,"['type=ReduceLROnPlateau', 'mode=min', 'factor=0.1', 'patience=10', 'threshold=0.0001', 'min_lr=1e-06']",Adam,20250129_003533
20,0.01683858186375668,0.01829516059919217,0.02514090653168921,1.4732207418121428,2025-01-29 00:36:44,0.001,2,128,True,0.5,200,32,0.001,"['type=ReduceLROnPlateau', 'mode=min', 'factor=0.1', 'patience=10', 'threshold=0.0001', 'min_lr=1e-06']",Adam,20250129_003533
21,0.016841988855044402,0.018298970504933707,0.02513486626588063,1.5096668529576225,2025-01-29 00:36:48,0.001,2,128,True,0.5,200,32,0.001,"['type=ReduceLROnPlateau', 'mode=min', 'factor=0.1', 'patience=10', 'threshold=0.0001', 'min_lr=1e-06']",Adam,20250129_003533
22,0.016832958444209043,0.018291665909150354,0.025134827275100226,1.5482887419395,2025-01-29 00:36:51,0.001,2,128,True,0.5,200,32,0.001,"['type=ReduceLROnPlateau', 'mode=min', 'factor=0.1', 'patience=10', 'threshold=0.0001', 'min_lr=1e-06']",Adam,20250129_003533
23,0.016838410510269856,0.018292514783565268,0.025135752352410577,1.583983887132184,2025-01-29 00:36:55,0.001,2,128,True,0.5,200,32,0.001,"['type=ReduceLROnPlateau', 'mode=min', 'factor=0.1', 'patience=10', 'threshold=0.0001', 'min_lr=1e-06']",Adam,20250129_003533
24,0.01683320547624423,0.01830802480559622,0.025139357501950066,1.6077243894083386,2025-01-29 00:36:58,0.001,2,128,True,0.5,200,32,0.001,"['type=ReduceLROnPlateau', 'mode=min', 'factor=0.1', 'patience=10', 'threshold=0.0001', 'min_lr=1e-06']",Adam,20250129_003533
25,0.01683550951732663,0.01830694465636859,0.025142521226075364,1.6178264579328818,2025-01-29 00:37:02,0.001,2,128,True,0.5,200,32,0.001,"['type=ReduceLROnPlateau', 'mode=min', 'factor=0.1', 'patience=10', 'threshold=0.0001', 'min_lr=1e-06']",Adam,20250129_003533
26,0.01683176964799669,0.01830040597548343,0.02513837022443018,1.6142319697084895,2025-01-29 00:37:05,0.001,2,128,True,0.5,200,32,0.001,"['type=ReduceLROnPlateau', 'mode=min', 'factor=0.1', 'patience=10', 'threshold=0.0001', 'min_lr=1e-06']",Adam,20250129_003533
27,0.01682650981614332,0.018288688668894156,0.025129719068890874,1.6015684748949095,2025-01-29 00:37:09,0.001,2,128,True,0.5,200,32,0.001,"['type=ReduceLROnPlateau', 'mode=min', 'factor=0.1', 'patience=10', 'threshold=0.0001', 'min_lr=1e-06']",Adam,20250129_003533
28,0.016832189764912672,0.01830198186684713,0.025140587494479588,1.5792028942555458,2025-01-29 00:37:12,0.0001,2,128,True,0.5,200,32,0.001,"['type=ReduceLROnPlateau', 'mode=min', 'factor=0.1', 'patience=10', 'threshold=0.0001', 'min_lr=1e-06']",Adam,20250129_003533
29,0.016337313757153093,0.01788960937758751,0.02487688820601246,0.849067810920672,2025-01-29 00:37:16,0.0001,2,128,True,0.5,200,32,0.001,"['type=ReduceLROnPlateau', 'mode=min', 'factor=0.1', 'patience=10', 'threshold=0.0001', 'min_lr=1e-06']",Adam,20250129_003533
30,0.01622808971910783,0.017848097239446904,0.02486243736686708,0.8619031978725231,2025-01-29 00:37:19,0.0001,2,128,True,0.5,200,32,0.001,"['type=ReduceLROnPlateau', 'mode=min', 'factor=0.1', 'patience=10', 'threshold=0.0001', 'min_lr=1e-06']",Adam,20250129_003533
31,0.016216352588011566,0.01784771305474096,0.024861568119502825,0.8725131379144203,2025-01-29 00:37:23,0.0001,2,128,True,0.5,200,32,0.001,"['type=ReduceLROnPlateau', 'mode=min', 'factor=0.1', 'patience=10', 'threshold=0.0001', 'min_lr=1e-06']",Adam,20250129_003533
32,0.016214898011360387,0.017849048608304743,0.024861500475175432,0.8801290253109222,2025-01-29 00:37:26,0.0001,2,128,True,0.5,200,32,0.001,"['type=ReduceLROnPlateau', 'mode=min', 'factor=0.1', 'patience=10', 'threshold=0.0001', 'min_lr=1e-06']",Adam,20250129_003533
33,0.016216866887123437,0.01784687559120357,0.0248613244155937,0.8845151799487846,2025-01-29 00:37:30,0.0001,2,128,True,0.5,200,32,0.001,"['type=ReduceLROnPlateau', 'mode=min', 'factor=0.1', 'patience=10', 'threshold=0.0001', 'min_lr=1e-06']",Adam,20250129_003533
34,0.016216593448473027,0.01784738911768404,0.02486175105859529,0.8882316391764332,2025-01-29 00:37:33,0.0001,2,128,True,0.5,200,32,0.001,"['type=ReduceLROnPlateau', 'mode=min', 'factor=0.1', 'patience=10', 'threshold=0.0001', 'min_lr=1e-06']",Adam,20250129_003533
35,0.016217047071777194,0.017847122746371777,0.024861947893624465,0.8911125062840413,2025-01-29 00:37:37,0.0001,2,128,True,0.5,200,32,0.001,"['type=ReduceLROnPlateau', 'mode=min', 'factor=0.1', 'patience=10', 'threshold=0.0001', 'min_lr=1e-06']",Adam,20250129_003533
36,0.01621618687442118,0.017846128717282455,0.02486116599228169,0.8930798818445441,2025-01-29 00:37:40,0.0001,2,128,True,0.5,200,32,0.001,"['type=ReduceLROnPlateau', 'mode=min', 'factor=0.1', 'patience=10', 'threshold=0.0001', 'min_lr=1e-06']",Adam,20250129_003533
37,0.01621689761587044,0.017846063150432412,0.02486114856007427,0.8925903827929953,2025-01-29 00:37:44,0.0001,2,128,True,0.5,200,32,0.001,"['type=ReduceLROnPlateau', 'mode=min', 'factor=0.1', 'patience=10', 'threshold=0.0001', 'min_lr=1e-06']",Adam,20250129_003533
38,0.01621629732288988,0.017846053969941895,0.024861151397818665,0.89284444572006,2025-01-29 00:37:47,0.0001,2,128,True,0.5,200,32,0.001,"['type=ReduceLROnPlateau', 'mode=min', 'factor=0.1', 'patience=10', 'threshold=0.0001', 'min_lr=1e-06']",Adam,20250129_003533
39,0.016216355953408156,0.01784608068236228,0.024861483654292346,0.8918550292221222,2025-01-29 00:37:51,0.0001,2,128,True,0.5,200,32,0.001,"['type=ReduceLROnPlateau', 'mode=min', 'factor=0.1', 'patience=10', 'threshold=0.0001', 'min_lr=1e-06']",Adam,20250129_003533
40,0.016216029878208846,0.017845739536509614,0.02486155478300869,0.892078759496516,2025-01-29 00:37:54,0.0001,2,128,True,0.5,200,32,0.001,"['type=ReduceLROnPlateau', 'mode=min', 'factor=0.1', 'patience=10', 'threshold=0.0001', 'min_lr=1e-06']",Adam,20250129_003533
41,0.01621607987411752,0.017846716274115666,0.024861685617731045,0.8914101215163812,2025-01-29 00:37:58,0.0001,2,128,True,0.5,200,32,0.001,"['type=ReduceLROnPlateau', 'mode=min', 'factor=0.1', 'patience=10', 'threshold=0.0001', 'min_lr=1e-06']",Adam,20250129_003533
42,0.016217516131327124,0.017846284750805488,0.024861150959848737,0.8893497502697661,2025-01-29 00:38:01,0.0001,2,128,True,0.5,200,32,0.001,"['type=ReduceLROnPlateau', 'mode=min', 'factor=0.1', 'patience=10', 'threshold=0.0001', 'min_lr=1e-06']",Adam,20250129_003533
43,0.016216998085274544,0.017845761175615555,0.024861255844793064,0.8863342272992382,2025-01-29 00:38:04,0.0001,2,128,True,0.5,200,32,0.001,"['type=ReduceLROnPlateau', 'mode=min', 'factor=0.1', 'patience=10', 'threshold=0.0001', 'min_lr=1e-06']",Adam,20250129_003533
44,0.016218117188602662,0.017843367029242566,0.024860797303067346,0.8836005470653997,2025-01-29 00:38:08,0.0001,2,128,True,0.5,200,32,0.001,"['type=ReduceLROnPlateau', 'mode=min', 'factor=0.1', 'patience=10', 'threshold=0.0001', 'min_lr=1e-06']",Adam,20250129_003533
45,0.01621898325975053,0.017845098425364383,0.02486180346742032,0.8857848406643105,2025-01-29 00:38:11,0.0001,2,128,True,0.5,200,32,0.001,"['type=ReduceLROnPlateau', 'mode=min', 'factor=0.1', 'patience=10', 'threshold=0.0001', 'min_lr=1e-06']",Adam,20250129_003533
46,0.016216471236449006,0.01784544240544054,0.024861542940658822,0.8828842952461002,2025-01-29 00:38:15,0.0001,2,128,True,0.5,200,32,0.001,"['type=ReduceLROnPlateau', 'mode=min', 'factor=0.1', 'patience=10', 'threshold=0.0001', 'min_lr=1e-06']",Adam,20250129_003533
47,0.016217094953044135,0.01784592300270484,0.024861299196116547,0.8810407935393612,2025-01-29 00:38:18,0.0001,2,128,True,0.5,200,32,0.001,"['type=ReduceLROnPlateau', 'mode=min', 'factor=0.1', 'patience=10', 'threshold=0.0001', 'min_lr=1e-06']",Adam,20250129_003533
48,0.01621614995174019,0.017846732292646352,0.02486131032406532,0.8780508915080637,2025-01-29 00:38:22,0.0001,2,128,True,0.5,200,32,0.001,"['type=ReduceLROnPlateau', 'mode=min', 'factor=0.1', 'patience=10', 'threshold=0.0001', 'min_lr=1e-06']",Adam,20250129_003533
49,0.016217353863133367,0.01784484724570762,0.024861306248038992,0.8767071634975651,2025-01-29 00:38:25,0.0001,2,128,True,0.5,200,32,0.001,"['type=ReduceLROnPlateau', 'mode=min', 'factor=0.1', 'patience=10', 'threshold=0.0001', 'min_lr=1e-06']",Adam,20250129_003533
50,0.01621649695046405,0.017843431697409845,0.02486118650804082,0.875602548024705,2025-01-29 00:38:29,0.0001,2,128,True,0.5,200,32,0.001,"['type=ReduceLROnPlateau', 'mode=min', 'factor=0.1', 'patience=10', 'threshold=0.0001', 'min_lr=1e-06']",Adam,20250129_003533
51,0.0162162024703121,0.017844734981081613,0.024861349960870405,0.8734209456579684,2025-01-29 00:38:32,0.0001,2,128,True,0.5,200,32,0.001,"['type=ReduceLROnPlateau', 'mode=min', 'factor=0.1', 'patience=10', 'threshold=0.0001', 'min_lr=1e-06']",Adam,20250129_003533
52,0.016217092355207834,0.017844940233261924,0.024860957518017462,0.8742799691768226,2025-01-29 00:38:36,0.0001,2,128,True,0.5,200,32,0.001,"['type=ReduceLROnPlateau', 'mode=min', 'factor=0.1', 'patience=10', 'threshold=0.0001', 'min_lr=1e-06']",Adam,20250129_003533
53,0.01621675493874269,0.017844736892686477,0.02486128998298849,0.8717256888161146,2025-01-29 00:38:39,0.0001,2,128,True,0.5,200,32,0.001,"['type=ReduceLROnPlateau', 'mode=min', 'factor=0.1', 'patience=10', 'threshold=0.0001', 'min_lr=1e-06']",Adam,20250129_003533
54,0.016215316052605375,0.017844032004440777,0.024861400697057973,0.8682246691696915,2025-01-29 00:38:43,0.0001,2,128,True,0.5,200,32,0.001,"['type=ReduceLROnPlateau', 'mode=min', 'factor=0.1', 'patience=10', 'threshold=0.0001', 'min_lr=1e-06']",Adam,20250129_003533
55,0.016228563440026624,0.017840746336477312,0.02484984213404444,0.8570974902249227,2025-01-29 00:38:46,0.0001,2,128,True,0.5,200,32,0.001,"['type=ReduceLROnPlateau', 'mode=min', 'factor=0.1', 'patience=10', 'threshold=0.0001', 'min_lr=1e-06']",Adam,20250129_003533
56,0.016174450807384125,0.017957204934340144,0.024937847743930968,0.8735173586204757,2025-01-29 00:38:50,0.0001,2,128,True,0.5,200,32,0.001,"['type=ReduceLROnPlateau', 'mode=min', 'factor=0.1', 'patience=10', 'threshold=0.0001', 'min_lr=1e-06']",Adam,20250129_003533
57,0.015990282066532684,0.01752508629796696,0.024328197557580793,0.7550474380650164,2025-01-29 00:38:53,0.0001,2,128,True,0.5,200,32,0.001,"['type=ReduceLROnPlateau', 'mode=min', 'factor=0.1', 'patience=10', 'threshold=0.0001', 'min_lr=1e-06']",Adam,20250129_003533
58,0.015506022873195456,0.017146036824185366,0.023653968648286547,0.662854315793547,2025-01-29 00:38:57,0.0001,2,128,True,0.5,200,32,0.001,"['type=ReduceLROnPlateau', 'mode=min', 'factor=0.1', 'patience=10', 'threshold=0.0001', 'min_lr=1e-06']",Adam,20250129_003533
59,0.015244667734893993,0.016978297208514168,0.02346904104589357,0.5906512600604896,2025-01-29 00:39:00,0.0001,2,128,True,0.5,200,32,0.001,"['type=ReduceLROnPlateau', 'mode=min', 'factor=0.1', 'patience=10', 'threshold=0.0001', 'min_lr=1e-06']",Adam,20250129_003533
60,0.015012930313312653,0.016703919813289333,0.02283213654885124,0.5792497375269076,2025-01-29 00:39:04,0.0001,2,128,True,0.5,200,32,0.001,"['type=ReduceLROnPlateau', 'mode=min', 'factor=0.1', 'patience=10', 'threshold=0.0001', 'min_lr=1e-06']",Adam,20250129_003533
61,0.014812972440480868,0.016381625967343973,0.022339815909147204,0.594057857358243,2025-01-29 00:39:07,0.0001,2,128,True,0.5,200,32,0.001,"['type=ReduceLROnPlateau', 'mode=min', 'factor=0.1', 'patience=10', 'threshold=0.0001', 'min_lr=1e-06']",Adam,20250129_003533
62,0.014729945625039386,0.016355306062429586,0.022152573479747,0.6753555817273679,2025-01-29 00:39:11,0.0001,2,128,True,0.5,200,32,0.001,"['type=ReduceLROnPlateau', 'mode=min', 'factor=0.1', 'patience=10', 'threshold=0.0001', 'min_lr=1e-06']",Adam,20250129_003533
63,0.014636335117180219,0.016170280383873695,0.02178332223550112,0.7238378149559065,2025-01-29 00:39:14,0.0001,2,128,True,0.5,200,32,0.001,"['type=ReduceLROnPlateau', 'mode=min', 'factor=0.1', 'patience=10', 'threshold=0.0001', 'min_lr=1e-06']",Adam,20250129_003533
64,0.01442785749052901,0.015940587320277973,0.021275473445378775,0.775441516592033,2025-01-29 00:39:18,0.0001,2,128,True,0.5,200,32,0.001,"['type=ReduceLROnPlateau', 'mode=min', 'factor=0.1', 'patience=10', 'threshold=0.0001', 'min_lr=1e-06']",Adam,20250129_003533
65,0.014180731118611265,0.016018495064829344,0.021125309108894905,0.8370339608933266,2025-01-29 00:39:21,0.0001,2,128,True,0.5,200,32,0.001,"['type=ReduceLROnPlateau', 'mode=min', 'factor=0.1', 'patience=10', 'threshold=0.0001', 'min_lr=1e-06']",Adam,20250129_003533
66,0.014069675974457001,0.015412729001760692,0.020404478469169866,0.8596259953456393,2025-01-29 00:39:25,0.0001,2,128,True,0.5,200,32,0.001,"['type=ReduceLROnPlateau', 'mode=min', 'factor=0.1', 'patience=10', 'threshold=0.0001', 'min_lr=1e-06']",Adam,20250129_003533
67,0.013740800010188051,0.015251865582192473,0.020413339088055024,0.8529953137552645,2025-01-29 00:39:28,0.0001,2,128,True,0.5,200,32,0.001,"['type=ReduceLROnPlateau', 'mode=min', 'factor=0.1', 'patience=10', 'threshold=0.0001', 'min_lr=1e-06']",Adam,20250129_003533
68,0.013550714133364125,0.015034256729832633,0.020008592685369742,0.8097290162932036,2025-01-29 00:39:32,0.0001,2,128,True,0.5,200,32,0.001,"['type=ReduceLROnPlateau', 'mode=min', 'factor=0.1', 'patience=10', 'threshold=0.0001', 'min_lr=1e-06']",Adam,20250129_003533
69,0.013229885433584724,0.01478440605896029,0.019812970709003987,0.8152920825674123,2025-01-29 00:39:35,0.0001,2,128,True,0.5,200,32,0.001,"['type=ReduceLROnPlateau', 'mode=min', 'factor=0.1', 'patience=10', 'threshold=0.0001', 'min_lr=1e-06']",Adam,20250129_003533
70,0.012942231999051462,0.014834932990537557,0.019829772811374886,0.801921253461879,2025-01-29 00:39:39,0.0001,2,128,True,0.5,200,32,0.001,"['type=ReduceLROnPlateau', 'mode=min', 'factor=0.1', 'patience=10', 'threshold=0.0001', 'min_lr=1e-06']",Adam,20250129_003533
71,0.012692789076515132,0.014888432461150408,0.01996278256654423,0.813539544034392,2025-01-29 00:39:42,0.0001,2,128,True,0.5,200,32,0.001,"['type=ReduceLROnPlateau', 'mode=min', 'factor=0.1', 'patience=10', 'threshold=0.0001', 'min_lr=1e-06']",Adam,20250129_003533
72,0.012424369233308315,0.014922724212041107,0.02010323175191562,0.8016377395517962,2025-01-29 00:39:46,0.0001,2,128,True,0.5,200,32,0.001,"['type=ReduceLROnPlateau', 'mode=min', 'factor=0.1', 'patience=10', 'threshold=0.0001', 'min_lr=1e-06']",Adam,20250129_003533
73,0.01233563983327391,0.014841040547406214,0.01994029330897209,0.7613001105787108,2025-01-29 00:39:49,0.0001,2,128,True,0.5,200,32,0.001,"['type=ReduceLROnPlateau', 'mode=min', 'factor=0.1', 'patience=10', 'threshold=0.0001', 'min_lr=1e-06']",Adam,20250129_003533
74,0.012168610524442956,0.014922093015782118,0.020123127333567085,0.7890697588882734,2025-01-29 00:39:53,0.0001,2,128,True,0.5,200,32,0.001,"['type=ReduceLROnPlateau', 'mode=min', 'factor=0.1', 'patience=10', 'threshold=0.0001', 'min_lr=1e-06']",Adam,20250129_003533
75,0.012038891995396669,0.01461921199594807,0.01976307093063173,0.8081875833305474,2025-01-29 00:39:56,0.0001,2,128,True,0.5,200,32,0.001,"['type=ReduceLROnPlateau', 'mode=min', 'factor=0.1', 'patience=10', 'threshold=0.0001', 'min_lr=1e-06']",Adam,20250129_003533
76,0.011906162478816242,0.014676410460052577,0.02009720244712297,0.7749318280316644,2025-01-29 00:40:00,0.0001,2,128,True,0.5,200,32,0.001,"['type=ReduceLROnPlateau', 'mode=min', 'factor=0.1', 'patience=10', 'threshold=0.0001', 'min_lr=1e-06']",Adam,20250129_003533
77,0.011805629572779985,0.014833703253061345,0.020228184174885207,0.7690142858298836,2025-01-29 00:40:03,0.0001,2,128,True,0.5,200,32,0.001,"['type=ReduceLROnPlateau', 'mode=min', 'factor=0.1', 'patience=10', 'threshold=0.0001', 'min_lr=1e-06']",Adam,20250129_003533
78,0.01174769741774071,0.014536886225197743,0.01986911494767685,0.7385694818927957,2025-01-29 00:40:07,0.0001,2,128,True,0.5,200,32,0.001,"['type=ReduceLROnPlateau', 'mode=min', 'factor=0.1', 'patience=10', 'threshold=0.0001', 'min_lr=1e-06']",Adam,20250129_003533
79,0.011589859766678362,0.014703099346049478,0.020372508640469897,0.7770963858448489,2025-01-29 00:40:10,0.0001,2,128,True,0.5,200,32,0.001,"['type=ReduceLROnPlateau', 'mode=min', 'factor=0.1', 'patience=10', 'threshold=0.0001', 'min_lr=1e-06']",Adam,20250129_003533
80,0.01157599997354626,0.014609206183356555,0.020202204377812928,0.7448736256244117,2025-01-29 00:40:14,0.0001,2,128,True,0.5,200,32,0.001,"['type=ReduceLROnPlateau', 'mode=min', 'factor=0.1', 'patience=10', 'threshold=0.0001', 'min_lr=1e-06']",Adam,20250129_003533
81,0.011436944229318192,0.014306092749036431,0.01950506105092468,0.7545155940598263,2025-01-29 00:40:17,0.0001,2,128,True,0.5,200,32,0.001,"['type=ReduceLROnPlateau', 'mode=min', 'factor=0.1', 'patience=10', 'threshold=0.0001', 'min_lr=1e-06']",Adam,20250129_003533
82,0.01135594873439248,0.014242256196785857,0.019365073528549957,0.7434888356583956,2025-01-29 00:40:21,0.0001,2,128,True,0.5,200,32,0.001,"['type=ReduceLROnPlateau', 'mode=min', 'factor=0.1', 'patience=10', 'threshold=0.0001', 'min_lr=1e-06']",Adam,20250129_003533
83,0.011201507913547841,0.014604501248876973,0.020026051755626575,0.7381545271111796,2025-01-29 00:40:24,0.0001,2,128,True,0.5,200,32,0.001,"['type=ReduceLROnPlateau', 'mode=min', 'factor=0.1', 'patience=10', 'threshold=0.0001', 'min_lr=1e-06']",Adam,20250129_003533
84,0.01124591512609807,0.014031938471391833,0.019083836047551966,0.7329794552658451,2025-01-29 00:40:28,0.0001,2,128,True,0.5,200,32,0.001,"['type=ReduceLROnPlateau', 'mode=min', 'factor=0.1', 'patience=10', 'threshold=0.0001', 'min_lr=1e-06']",Adam,20250129_003533
85,0.011018976641083478,0.014364458832163016,0.01959789544718015,0.7435638373293308,2025-01-29 00:40:31,0.0001,2,128,True,0.5,200,32,0.001,"['type=ReduceLROnPlateau', 'mode=min', 'factor=0.1', 'patience=10', 'threshold=0.0001', 'min_lr=1e-06']",Adam,20250129_003533
86,0.010970001913629835,0.014776983474072278,0.021034678320498403,0.7773166808584941,2025-01-29 00:40:35,0.0001,2,128,True,0.5,200,32,0.001,"['type=ReduceLROnPlateau', 'mode=min', 'factor=0.1', 'patience=10', 'threshold=0.0001', 'min_lr=1e-06']",Adam,20250129_003533
87,0.010767126370650125,0.013187256830588863,0.01786264381950888,0.7157101038480399,2025-01-29 00:40:38,0.0001,2,128,True,0.5,200,32,0.001,"['type=ReduceLROnPlateau', 'mode=min', 'factor=0.1', 'patience=10', 'threshold=0.0001', 'min_lr=1e-06']",Adam,20250129_003533
88,0.010632234061400906,0.01334680320635747,0.01812573429640139,0.6982736729297274,2025-01-29 00:40:42,0.0001,2,128,True,0.5,200,32,0.001,"['type=ReduceLROnPlateau', 'mode=min', 'factor=0.1', 'patience=10', 'threshold=0.0001', 'min_lr=1e-06']",Adam,20250129_003533
89,0.010536715618928145,0.013084654931020357,0.017613323188649218,0.7175257068364781,2025-01-29 00:40:45,0.0001,2,128,True,0.5,200,32,0.001,"['type=ReduceLROnPlateau', 'mode=min', 'factor=0.1', 'patience=10', 'threshold=0.0001', 'min_lr=1e-06']",Adam,20250129_003533
90,0.010389513483131873,0.01283651939851654,0.017325837748734713,0.7177322121527537,2025-01-29 00:40:49,0.0001,2,128,True,0.5,200,32,0.001,"['type=ReduceLROnPlateau', 'mode=min', 'factor=0.1', 'patience=10', 'threshold=0.0001', 'min_lr=1e-06']",Adam,20250129_003533
91,0.010417742446411356,0.012867323441700749,0.017313145278669458,0.7404010739371681,2025-01-29 00:40:52,0.0001,2,128,True,0.5,200,32,0.001,"['type=ReduceLROnPlateau', 'mode=min', 'factor=0.1', 'patience=10', 'threshold=0.0001', 'min_lr=1e-06']",Adam,20250129_003533
92,0.010253844630198905,0.012761926388087309,0.017184948981962628,0.7173195161061184,2025-01-29 00:40:56,0.0001,2,128,True,0.5,200,32,0.001,"['type=ReduceLROnPlateau', 'mode=min', 'factor=0.1', 'patience=10', 'threshold=0.0001', 'min_lr=1e-06']",Adam,20250129_003533
93,0.010081263290428579,0.012509377345782226,0.016887453541413647,0.7357624993379406,2025-01-29 00:40:59,0.0001,2,128,True,0.5,200,32,0.001,"['type=ReduceLROnPlateau', 'mode=min', 'factor=0.1', 'patience=10', 'threshold=0.0001', 'min_lr=1e-06']",Adam,20250129_003533
94,0.009998120278369908,0.012601314189247613,0.016971578519416795,0.731121244477929,2025-01-29 00:41:03,0.0001,2,128,True,0.5,200,32,0.001,"['type=ReduceLROnPlateau', 'mode=min', 'factor=0.1', 'patience=10', 'threshold=0.0001', 'min_lr=1e-06']",Adam,20250129_003533
95,0.009932731900565758,0.012520240919520887,0.01692402871540894,0.7349829631055489,2025-01-29 00:41:06,0.0001,2,128,True,0.5,200,32,0.001,"['type=ReduceLROnPlateau', 'mode=min', 'factor=0.1', 'patience=10', 'threshold=0.0001', 'min_lr=1e-06']",Adam,20250129_003533
96,0.009816288812584301,0.01232688529901076,0.016618026497200143,0.778133891037438,2025-01-29 00:41:10,0.0001,2,128,True,0.5,200,32,0.001,"['type=ReduceLROnPlateau', 'mode=min', 'factor=0.1', 'patience=10', 'threshold=0.0001', 'min_lr=1e-06']",Adam,20250129_003533
97,0.009642400336735768,0.01232291556088032,0.01649479608581107,0.7547895251773505,2025-01-29 00:41:13,0.0001,2,128,True,0.5,200,32,0.001,"['type=ReduceLROnPlateau', 'mode=min', 'factor=0.1', 'patience=10', 'threshold=0.0001', 'min_lr=1e-06']",Adam,20250129_003533
98,0.009478194716176381,0.011982841411481445,0.0160980230968538,0.8231717082546434,2025-01-29 00:41:17,0.0001,2,128,True,0.5,200,32,0.001,"['type=ReduceLROnPlateau', 'mode=min', 'factor=0.1', 'patience=10', 'threshold=0.0001', 'min_lr=1e-06']",Adam,20250129_003533
99,0.009392693788792778,0.011859579089045455,0.015995662320196745,0.7955853114930922,2025-01-29 00:41:20,0.0001,2,128,True,0.5,200,32,0.001,"['type=ReduceLROnPlateau', 'mode=min', 'factor=0.1', 'patience=10', 'threshold=0.0001', 'min_lr=1e-06']",Adam,20250129_003533
100,0.0092770647825801,0.011969344545874927,0.016152676410438195,0.8109594333429756,2025-01-29 00:41:24,0.0001,2,128,True,0.5,200,32,0.001,"['type=ReduceLROnPlateau', 'mode=min', 'factor=0.1', 'patience=10', 'threshold=0.0001', 'min_lr=1e-06']",Adam,20250129_003533
101,0.009155172341298767,0.011974771670691416,0.016093993126708898,0.8113939132409228,2025-01-29 00:41:27,0.0001,2,128,True,0.5,200,32,0.001,"['type=ReduceLROnPlateau', 'mode=min', 'factor=0.1', 'patience=10', 'threshold=0.0001', 'min_lr=1e-06']",Adam,20250129_003533
102,0.008982673268119247,0.011834820837193716,0.015875332366560455,0.8372761585111167,2025-01-29 00:41:31,0.0001,2,128,True,0.5,200,32,0.001,"['type=ReduceLROnPlateau', 'mode=min', 'factor=0.1', 'patience=10', 'threshold=0.0001', 'min_lr=1e-06']",Adam,20250129_003533
103,0.00910016448633098,0.012079629469766264,0.016278686034387656,0.8163091684753597,2025-01-29 00:41:34,0.0001,2,128,True,0.5,200,32,0.001,"['type=ReduceLROnPlateau', 'mode=min', 'factor=0.1', 'patience=10', 'threshold=0.0001', 'min_lr=1e-06']",Adam,20250129_003533
104,0.008925435717360304,0.011699226405253964,0.015711428732281672,0.8274788745237838,2025-01-29 00:41:38,0.0001,2,128,True,0.5,200,32,0.001,"['type=ReduceLROnPlateau', 'mode=min', 'factor=0.1', 'patience=10', 'threshold=0.0001', 'min_lr=1e-06']",Adam,20250129_003533
105,0.008862739443110314,0.011824442272669653,0.015910442244031653,0.8126534563397811,2025-01-29 00:41:41,0.0001,2,128,True,0.5,200,32,0.001,"['type=ReduceLROnPlateau', 'mode=min', 'factor=0.1', 'patience=10', 'threshold=0.0001', 'min_lr=1e-06']",Adam,20250129_003533
106,0.008738872231369009,0.011744515137490164,0.015856112214410405,0.7795697085969485,2025-01-29 00:41:45,0.0001,2,128,True,0.5,200,32,0.001,"['type=ReduceLROnPlateau', 'mode=min', 'factor=0.1', 'patience=10', 'threshold=0.0001', 'min_lr=1e-06']",Adam,20250129_003533
107,0.008614416613609803,0.011709871004696252,0.015797369452664026,0.8175258777079961,2025-01-29 00:41:48,0.0001,2,128,True,0.5,200,32,0.001,"['type=ReduceLROnPlateau', 'mode=min', 'factor=0.1', 'patience=10', 'threshold=0.0001', 'min_lr=1e-06']",Adam,20250129_003533
108,0.00858642966206123,0.011933122976018316,0.016070010602078317,0.7830587803369822,2025-01-29 00:41:52,0.0001,2,128,True,0.5,200,32,0.001,"['type=ReduceLROnPlateau', 'mode=min', 'factor=0.1', 'patience=10', 'threshold=0.0001', 'min_lr=1e-06']",Adam,20250129_003533
109,0.008518774197976356,0.011669407075485345,0.015704699030384742,0.8335547063346448,2025-01-29 00:41:55,0.0001,2,128,True,0.5,200,32,0.001,"['type=ReduceLROnPlateau', 'mode=min', 'factor=0.1', 'patience=10', 'threshold=0.0001', 'min_lr=1e-06']",Adam,20250129_003533
110,0.008468694057955872,0.011862048840370011,0.016091980416034025,0.7825099399027473,2025-01-29 00:41:58,0.0001,2,128,True,0.5,200,32,0.001,"['type=ReduceLROnPlateau', 'mode=min', 'factor=0.1', 'patience=10', 'threshold=0.0001', 'min_lr=1e-06']",Adam,20250129_003533
111,0.008364346605621239,0.011373606786878767,0.01531144813574282,0.8403002202778437,2025-01-29 00:42:02,0.0001,2,128,True,0.5,200,32,0.001,"['type=ReduceLROnPlateau', 'mode=min', 'factor=0.1', 'patience=10', 'threshold=0.0001', 'min_lr=1e-06']",Adam,20250129_003533
112,0.008432650838772022,0.011418077305585438,0.015340483807909217,0.8639679802414186,2025-01-29 00:42:05,0.0001,2,128,True,0.5,200,32,0.001,"['type=ReduceLROnPlateau', 'mode=min', 'factor=0.1', 'patience=10', 'threshold=0.0001', 'min_lr=1e-06']",Adam,20250129_003533
113,0.008404048621475629,0.011478892084775236,0.015547817010449928,0.8214427966418327,2025-01-29 00:42:09,0.0001,2,128,True,0.5,200,32,0.001,"['type=ReduceLROnPlateau', 'mode=min', 'factor=0.1', 'patience=10', 'threshold=0.0001', 'min_lr=1e-06']",Adam,20250129_003533
114,0.00819713798214585,0.011842728729202591,0.016065933208096992,0.7912268310652228,2025-01-29 00:42:12,0.0001,2,128,True,0.5,200,32,0.001,"['type=ReduceLROnPlateau', 'mode=min', 'factor=0.1', 'patience=10', 'threshold=0.0001', 'min_lr=1e-06']",Adam,20250129_003533
115,0.008244493136944806,0.011686906146857166,0.015798426668542153,0.7930866481020832,2025-01-29 00:42:16,0.0001,2,128,True,0.5,200,32,0.001,"['type=ReduceLROnPlateau', 'mode=min', 'factor=0.1', 'patience=10', 'threshold=0.0001', 'min_lr=1e-06']",Adam,20250129_003533
116,0.008187962569070627,0.011533258129691892,0.0155937977722217,0.8271578004641544,2025-01-29 00:42:19,0.0001,2,128,True,0.5,200,32,0.001,"['type=ReduceLROnPlateau', 'mode=min', 'factor=0.1', 'patience=10', 'threshold=0.0001', 'min_lr=1e-06']",Adam,20250129_003533
117,0.008069607790874704,0.01176573155381473,0.01583565903668902,0.7980893738678723,2025-01-29 00:42:23,0.0001,2,128,True,0.5,200,32,0.001,"['type=ReduceLROnPlateau', 'mode=min', 'factor=0.1', 'patience=10', 'threshold=0.0001', 'min_lr=1e-06']",Adam,20250129_003533
118,0.008115358300870512,0.011288078212210251,0.015245204964271033,0.8370681691584573,2025-01-29 00:42:26,0.0001,2,128,True,0.5,200,32,0.001,"['type=ReduceLROnPlateau', 'mode=min', 'factor=0.1', 'patience=10', 'threshold=0.0001', 'min_lr=1e-06']",Adam,20250129_003533
119,0.007845421631574891,0.01135902621144936,0.015374561496790463,0.8106684725705483,2025-01-29 00:42:30,0.0001,2,128,True,0.5,200,32,0.001,"['type=ReduceLROnPlateau', 'mode=min', 'factor=0.1', 'patience=10', 'threshold=0.0001', 'min_lr=1e-06']",Adam,20250129_003533
120,0.007847066735032458,0.01132702332797295,0.015299339991415608,0.8879881042957738,2025-01-29 00:42:33,0.0001,2,128,True,0.5,200,32,0.001,"['type=ReduceLROnPlateau', 'mode=min', 'factor=0.1', 'patience=10', 'threshold=0.0001', 'min_lr=1e-06']",Adam,20250129_003533
121,0.00783192593870165,0.011385615992511592,0.0153603186783083,0.8393999125393119,2025-01-29 00:42:37,0.0001,2,128,True,0.5,200,32,0.001,"['type=ReduceLROnPlateau', 'mode=min', 'factor=0.1', 'patience=10', 'threshold=0.0001', 'min_lr=1e-06']",Adam,20250129_003533
122,0.007784466108302983,0.011153194581251755,0.015090301898137978,0.8397629905667584,2025-01-29 00:42:40,0.0001,2,128,True,0.5,200,32,0.001,"['type=ReduceLROnPlateau', 'mode=min', 'factor=0.1', 'patience=10', 'threshold=0.0001', 'min_lr=1e-06']",Adam,20250129_003533
123,0.007810354384376452,0.011329368304172378,0.015345881573463517,0.8059576751478384,2025-01-29 00:42:44,0.0001,2,128,True,0.5,200,32,0.001,"['type=ReduceLROnPlateau', 'mode=min', 'factor=0.1', 'patience=10', 'threshold=0.0001', 'min_lr=1e-06']",Adam,20250129_003533
124,0.007674904834839697,0.011594466223350452,0.0157481327449726,0.7914975144953704,2025-01-29 00:42:47,0.0001,2,128,True,0.5,200,32,0.001,"['type=ReduceLROnPlateau', 'mode=min', 'factor=0.1', 'patience=10', 'threshold=0.0001', 'min_lr=1e-06']",Adam,20250129_003533
125,0.007593397841513407,0.011630550665545896,0.015708371347352357,0.7942500033389477,2025-01-29 00:42:51,0.0001,2,128,True,0.5,200,32,0.001,"['type=ReduceLROnPlateau', 'mode=min', 'factor=0.1', 'patience=10', 'threshold=0.0001', 'min_lr=1e-06']",Adam,20250129_003533
126,0.007570164906188971,0.011364841748507166,0.015412674804210675,0.8117417875395667,2025-01-29 00:42:54,0.0001,2,128,True,0.5,200,32,0.001,"['type=ReduceLROnPlateau', 'mode=min', 'factor=0.1', 'patience=10', 'threshold=0.0001', 'min_lr=1e-06']",Adam,20250129_003533
127,0.007517110533932814,0.011291131185121274,0.015270622748012498,0.8196861071206895,2025-01-29 00:42:57,0.0001,2,128,True,0.5,200,32,0.001,"['type=ReduceLROnPlateau', 'mode=min', 'factor=0.1', 'patience=10', 'threshold=0.0001', 'min_lr=1e-06']",Adam,20250129_003533
128,0.00752361780190457,0.011303206673231973,0.015251871869299442,0.825885047499671,2025-01-29 00:43:01,0.0001,2,128,True,0.5,200,32,0.001,"['type=ReduceLROnPlateau', 'mode=min', 'factor=0.1', 'patience=10', 'threshold=0.0001', 'min_lr=1e-06']",Adam,20250129_003533
129,0.0074648753480443435,0.010972827910004992,0.014829695247739177,0.9096469611761204,2025-01-29 00:43:04,0.0001,2,128,True,0.5,200,32,0.001,"['type=ReduceLROnPlateau', 'mode=min', 'factor=0.1', 'patience=10', 'threshold=0.0001', 'min_lr=1e-06']",Adam,20250129_003533
130,0.007392833874349357,0.011346195590389657,0.015413222257741109,0.8188936795358476,2025-01-29 00:43:08,0.0001,2,128,True,0.5,200,32,0.001,"['type=ReduceLROnPlateau', 'mode=min', 'factor=0.1', 'patience=10', 'threshold=0.0001', 'min_lr=1e-06']",Adam,20250129_003533
131,0.007394662553411852,0.011255735051304115,0.015245784457542733,0.8594638665759206,2025-01-29 00:43:11,0.0001,2,128,True,0.5,200,32,0.001,"['type=ReduceLROnPlateau', 'mode=min', 'factor=0.1', 'patience=10', 'threshold=0.0001', 'min_lr=1e-06']",Adam,20250129_003533
132,0.007438914688153579,0.011238243974305725,0.015213803238417837,0.8566538735276668,2025-01-29 00:43:15,0.0001,2,128,True,0.5,200,32,0.001,"['type=ReduceLROnPlateau', 'mode=min', 'factor=0.1', 'patience=10', 'threshold=0.0001', 'min_lr=1e-06']",Adam,20250129_003533
133,0.007436757824041528,0.011135827757039534,0.01497381165018057,0.8661805490767982,2025-01-29 00:43:18,0.0001,2,128,True,0.5,200,32,0.001,"['type=ReduceLROnPlateau', 'mode=min', 'factor=0.1', 'patience=10', 'threshold=0.0001', 'min_lr=1e-06']",Adam,20250129_003533
134,0.007422733289440214,0.016064412320804102,0.03041615916959243,1.1072984796705871,2025-01-29 00:43:22,0.0001,2,128,True,0.5,200,32,0.001,"['type=ReduceLROnPlateau', 'mode=min', 'factor=0.1', 'patience=10', 'threshold=0.0001', 'min_lr=1e-06']",Adam,20250129_003533
135,0.007843253253082456,0.011112038160768929,0.015029300746767085,0.8510945045808251,2025-01-29 00:43:25,0.0001,2,128,True,0.5,200,32,0.001,"['type=ReduceLROnPlateau', 'mode=min', 'factor=0.1', 'patience=10', 'threshold=0.0001', 'min_lr=1e-06']",Adam,20250129_003533
136,0.007197447528153312,0.01101852454684096,0.014946447568347605,0.8893869664412914,2025-01-29 00:43:29,0.0001,2,128,True,0.5,200,32,0.001,"['type=ReduceLROnPlateau', 'mode=min', 'factor=0.1', 'patience=10', 'threshold=0.0001', 'min_lr=1e-06']",Adam,20250129_003533
137,0.0071890646509085105,0.011317545561545319,0.015305498587300546,0.823869639784579,2025-01-29 00:43:32,0.0001,2,128,True,0.5,200,32,0.001,"['type=ReduceLROnPlateau', 'mode=min', 'factor=0.1', 'patience=10', 'threshold=0.0001', 'min_lr=1e-06']",Adam,20250129_003533
138,0.0070018719949386165,0.011178017553698466,0.015093976834758068,0.82887081478175,2025-01-29 00:43:36,0.0001,2,128,True,0.5,200,32,0.001,"['type=ReduceLROnPlateau', 'mode=min', 'factor=0.1', 'patience=10', 'threshold=0.0001', 'min_lr=1e-06']",Adam,20250129_003533
139,0.007021495846217986,0.010996766578407183,0.014895153024986013,0.8789918644554445,2025-01-29 00:43:39,0.0001,2,128,True,0.5,200,32,0.001,"['type=ReduceLROnPlateau', 'mode=min', 'factor=0.1', 'patience=10', 'threshold=0.0001', 'min_lr=1e-06']",Adam,20250129_003533
140,0.007047640942601436,0.010947215334182088,0.014811048194585959,0.9609530265098507,2025-01-29 00:43:43,0.0001,2,128,True,0.5,200,32,0.001,"['type=ReduceLROnPlateau', 'mode=min', 'factor=0.1', 'patience=10', 'threshold=0.0001', 'min_lr=1e-06']",Adam,20250129_003533
141,0.007080726521732087,0.0110825515786299,0.01502352457854675,0.8962100650074577,2025-01-29 00:43:46,0.0001,2,128,True,0.5,200,32,0.001,"['type=ReduceLROnPlateau', 'mode=min', 'factor=0.1', 'patience=10', 'threshold=0.0001', 'min_lr=1e-06']",Adam,20250129_003533
142,0.006965127318409675,0.011154352893746049,0.015090652183963101,0.8431966637051629,2025-01-29 00:43:49,0.0001,2,128,True,0.5,200,32,0.001,"['type=ReduceLROnPlateau', 'mode=min', 'factor=0.1', 'patience=10', 'threshold=0.0001', 'min_lr=1e-06']",Adam,20250129_003533
143,0.006944607279587128,0.01095904904351326,0.014933461082095723,0.8858170968011835,2025-01-29 00:43:53,0.0001,2,128,True,0.5,200,32,0.001,"['type=ReduceLROnPlateau', 'mode=min', 'factor=0.1', 'patience=10', 'threshold=0.0001', 'min_lr=1e-06']",Adam,20250129_003533
144,0.0069020982546889416,0.011310397088160482,0.015297678943782936,0.8035217774912108,2025-01-29 00:43:56,0.0001,2,128,True,0.5,200,32,0.001,"['type=ReduceLROnPlateau', 'mode=min', 'factor=0.1', 'patience=10', 'threshold=0.0001', 'min_lr=1e-06']",Adam,20250129_003533
145,0.007141798053404583,0.011117535008741249,0.015083524275863396,0.8773285358243343,2025-01-29 00:44:00,0.0001,2,128,True,0.5,200,32,0.001,"['type=ReduceLROnPlateau', 'mode=min', 'factor=0.1', 'patience=10', 'threshold=0.0001', 'min_lr=1e-06']",Adam,20250129_003533
146,0.006972825444351723,0.010975289596168534,0.015011909592875341,0.9148441509703034,2025-01-29 00:44:03,0.0001,2,128,True,0.5,200,32,0.001,"['type=ReduceLROnPlateau', 'mode=min', 'factor=0.1', 'patience=10', 'threshold=0.0001', 'min_lr=1e-06']",Adam,20250129_003533
147,0.006774410496717148,0.01093697640541658,0.014868192277354891,0.8311184062742254,2025-01-29 00:44:07,0.0001,2,128,True,0.5,200,32,0.001,"['type=ReduceLROnPlateau', 'mode=min', 'factor=0.1', 'patience=10', 'threshold=0.0001', 'min_lr=1e-06']",Adam,20250129_003533
148,0.00681526989969936,0.010993304044290046,0.014902158793483484,0.9561527585835418,2025-01-29 00:44:10,0.0001,2,128,True,0.5,200,32,0.001,"['type=ReduceLROnPlateau', 'mode=min', 'factor=0.1', 'patience=10', 'threshold=0.0001', 'min_lr=1e-06']",Adam,20250129_003533
149,0.006803801157472729,0.011043393229403387,0.0149534717358001,0.8593753595442866,2025-01-29 00:44:14,0.0001,2,128,True,0.5,200,32,0.001,"['type=ReduceLROnPlateau', 'mode=min', 'factor=0.1', 'patience=10', 'threshold=0.0001', 'min_lr=1e-06']",Adam,20250129_003533
150,0.007073379866991805,0.010927824897144346,0.014846860677731813,0.9334073202349824,2025-01-29 00:44:17,0.0001,2,128,True,0.5,200,32,0.001,"['type=ReduceLROnPlateau', 'mode=min', 'factor=0.1', 'patience=10', 'threshold=0.0001', 'min_lr=1e-06']",Adam,20250129_003533
151,0.006940960922284143,0.010818646734057616,0.01464572525752639,0.8685625621836599,2025-01-29 00:44:21,0.0001,2,128,True,0.5,200,32,0.001,"['type=ReduceLROnPlateau', 'mode=min', 'factor=0.1', 'patience=10', 'threshold=0.0001', 'min_lr=1e-06']",Adam,20250129_003533
152,0.006821896242177989,0.010975775860247821,0.015059771499255813,0.8496576985208654,2025-01-29 00:44:24,0.0001,2,128,True,0.5,200,32,0.001,"['type=ReduceLROnPlateau', 'mode=min', 'factor=0.1', 'patience=10', 'threshold=0.0001', 'min_lr=1e-06']",Adam,20250129_003533
153,0.00670109136175952,0.01112922704888771,0.015130461023092179,0.8137538823934835,2025-01-29 00:44:28,0.0001,2,128,True,0.5,200,32,0.001,"['type=ReduceLROnPlateau', 'mode=min', 'factor=0.1', 'patience=10', 'threshold=0.0001', 'min_lr=1e-06']",Adam,20250129_003533
154,0.006713913162182108,0.01093992141304455,0.015061184823296188,0.9105774688197341,2025-01-29 00:44:31,0.0001,2,128,True,0.5,200,32,0.001,"['type=ReduceLROnPlateau', 'mode=min', 'factor=0.1', 'patience=10', 'threshold=0.0001', 'min_lr=1e-06']",Adam,20250129_003533
155,0.006645139683820251,0.010779068934816593,0.014780422348267533,0.8596487845596794,2025-01-29 00:44:35,0.0001,2,128,True,0.5,200,32,0.001,"['type=ReduceLROnPlateau', 'mode=min', 'factor=0.1', 'patience=10', 'threshold=0.0001', 'min_lr=1e-06']",Adam,20250129_003533
156,0.00665222915860529,0.011125439494819964,0.015283882586297272,0.791910297611832,2025-01-29 00:44:38,0.0001,2,128,True,0.5,200,32,0.001,"['type=ReduceLROnPlateau', 'mode=min', 'factor=0.1', 'patience=10', 'threshold=0.0001', 'min_lr=1e-06']",Adam,20250129_003533
157,0.006513483525397932,0.010847256874232325,0.014709381098956791,0.864984893536981,2025-01-29 00:44:42,0.0001,2,128,True,0.5,200,32,0.001,"['type=ReduceLROnPlateau', 'mode=min', 'factor=0.1', 'patience=10', 'threshold=0.0001', 'min_lr=1e-06']",Adam,20250129_003533
158,0.006565747555152218,0.010935632719576172,0.015034608435937763,0.9082878373128139,2025-01-29 00:44:45,0.0001,2,128,True,0.5,200,32,0.001,"['type=ReduceLROnPlateau', 'mode=min', 'factor=0.1', 'patience=10', 'threshold=0.0001', 'min_lr=1e-06']",Adam,20250129_003533
159,0.006512594405773221,0.011300006968055734,0.015379010421878496,0.8366315163330222,2025-01-29 00:44:49,0.0001,2,128,True,0.5,200,32,0.001,"['type=ReduceLROnPlateau', 'mode=min', 'factor=0.1', 'patience=10', 'threshold=0.0001', 'min_lr=1e-06']",Adam,20250129_003533
160,0.006496242378027712,0.011091920404796158,0.01518835446054107,0.8092317207129971,2025-01-29 00:44:52,0.0001,2,128,True,0.5,200,32,0.001,"['type=ReduceLROnPlateau', 'mode=min', 'factor=0.1', 'patience=10', 'threshold=0.0001', 'min_lr=1e-06']",Adam,20250129_003533
161,0.006504144149008293,0.010852685399738654,0.01474082412686126,0.8879770475966663,2025-01-29 00:44:55,0.0001,2,128,True,0.5,200,32,0.001,"['type=ReduceLROnPlateau', 'mode=min', 'factor=0.1', 'patience=10', 'threshold=0.0001', 'min_lr=1e-06']",Adam,20250129_003533
162,0.006633904304429207,0.011098127043853616,0.015235216436313669,0.8702556433240095,2025-01-29 00:44:59,0.0001,2,128,True,0.5,200,32,0.001,"['type=ReduceLROnPlateau', 'mode=min', 'factor=0.1', 'patience=10', 'threshold=0.0001', 'min_lr=1e-06']",Adam,20250129_003533
163,0.00637991822490798,0.011223828258611932,0.015215442016131729,0.8204317065986919,2025-01-29 00:45:02,0.0001,2,128,True,0.5,200,32,0.001,"['type=ReduceLROnPlateau', 'mode=min', 'factor=0.1', 'patience=10', 'threshold=0.0001', 'min_lr=1e-06']",Adam,20250129_003533
164,0.006425504887720751,0.011007267914788045,0.015096361800220686,0.8187143254495705,2025-01-29 00:45:06,0.0001,2,128,True,0.5,200,32,0.001,"['type=ReduceLROnPlateau', 'mode=min', 'factor=0.1', 'patience=10', 'threshold=0.0001', 'min_lr=1e-06']",Adam,20250129_003533
165,0.006382792289904744,0.010880848495795601,0.015027600314827895,0.7996870351435501,2025-01-29 00:45:09,0.0001,2,128,True,0.5,200,32,0.001,"['type=ReduceLROnPlateau', 'mode=min', 'factor=0.1', 'patience=10', 'threshold=0.0001', 'min_lr=1e-06']",Adam,20250129_003533
166,0.0062666392664207865,0.010778103364853485,0.014706166900928038,0.9366967420634069,2025-01-29 00:45:13,1e-05,2,128,True,0.5,200,32,0.001,"['type=ReduceLROnPlateau', 'mode=min', 'factor=0.1', 'patience=10', 'threshold=0.0001', 'min_lr=1e-06']",Adam,20250129_003533
167,0.006809202434101835,0.010143250379837597,0.01411181650969432,0.6078657586254117,2025-01-29 00:45:16,1e-05,2,128,True,0.5,200,32,0.001,"['type=ReduceLROnPlateau', 'mode=min', 'factor=0.1', 'patience=10', 'threshold=0.0001', 'min_lr=1e-06']",Adam,20250129_003533
168,0.006381121315448914,0.00995518174200935,0.013838323602043933,0.5511303486914424,2025-01-29 00:45:20,1e-05,2,128,True,0.5,200,32,0.001,"['type=ReduceLROnPlateau', 'mode=min', 'factor=0.1', 'patience=10', 'threshold=0.0001', 'min_lr=1e-06']",Adam,20250129_003533
169,0.006294764495538491,0.009799667512571627,0.013614697957823593,0.5358991983014564,2025-01-29 00:45:23,1e-05,2,128,True,0.5,200,32,0.001,"['type=ReduceLROnPlateau', 'mode=min', 'factor=0.1', 'patience=10', 'threshold=0.0001', 'min_lr=1e-06']",Adam,20250129_003533
170,0.006139541317147299,0.00974329819845794,0.013519128674069798,0.5311362143230596,2025-01-29 00:45:27,1e-05,2,128,True,0.5,200,32,0.001,"['type=ReduceLROnPlateau', 'mode=min', 'factor=0.1', 'patience=10', 'threshold=0.0001', 'min_lr=1e-06']",Adam,20250129_003533
171,0.006121098353593503,0.009687670662018056,0.013457303240377442,0.5306060963793833,2025-01-29 00:45:30,1e-05,2,128,True,0.5,200,32,0.001,"['type=ReduceLROnPlateau', 'mode=min', 'factor=0.1', 'patience=10', 'threshold=0.0001', 'min_lr=1e-06']",Adam,20250129_003533
172,0.0060165423000332185,0.00962714316932268,0.01336374754262569,0.5331635914665437,2025-01-29 00:45:34,1e-05,2,128,True,0.5,200,32,0.001,"['type=ReduceLROnPlateau', 'mode=min', 'factor=0.1', 'patience=10', 'threshold=0.0001', 'min_lr=1e-06']",Adam,20250129_003533
173,0.0059645321794960186,0.009611806194536648,0.01333885396002339,0.5332634459547128,2025-01-29 00:45:37,1e-05,2,128,True,0.5,200,32,0.001,"['type=ReduceLROnPlateau', 'mode=min', 'factor=0.1', 'patience=10', 'threshold=0.0001', 'min_lr=1e-06']",Adam,20250129_003533
174,0.0059298791540019985,0.009567206107276774,0.013270847728189341,0.5351094305930537,2025-01-29 00:45:41,1e-05,2,128,True,0.5,200,32,0.001,"['type=ReduceLROnPlateau', 'mode=min', 'factor=0.1', 'patience=10', 'threshold=0.0001', 'min_lr=1e-06']",Adam,20250129_003533
175,0.005932762440760398,0.009568259980097478,0.013268696473713992,0.5330481339626527,2025-01-29 00:45:44,1e-05,2,128,True,0.5,200,32,0.001,"['type=ReduceLROnPlateau', 'mode=min', 'factor=0.1', 'patience=10', 'threshold=0.0001', 'min_lr=1e-06']",Adam,20250129_003533
176,0.005844431271934143,0.009558223102957926,0.013252161222997624,0.5340451199562734,2025-01-29 00:45:48,1e-05,2,128,True,0.5,200,32,0.001,"['type=ReduceLROnPlateau', 'mode=min', 'factor=0.1', 'patience=10', 'threshold=0.0001', 'min_lr=1e-06']",Adam,20250129_003533
177,0.005851008909596158,0.0095421429759201,0.013222176880232844,0.5347989880755728,2025-01-29 00:45:51,1e-05,2,128,True,0.5,200,32,0.001,"['type=ReduceLROnPlateau', 'mode=min', 'factor=0.1', 'patience=10', 'threshold=0.0001', 'min_lr=1e-06']",Adam,20250129_003533
178,0.005809494124891566,0.009526403423300269,0.013201830865949454,0.5380083360845149,2025-01-29 00:45:55,1e-05,2,128,True,0.5,200,32,0.001,"['type=ReduceLROnPlateau', 'mode=min', 'factor=0.1', 'patience=10', 'threshold=0.0001', 'min_lr=1e-06']",Adam,20250129_003533
179,0.005800217733858295,0.009473608533557908,0.013112604892070629,0.5375463078202917,2025-01-29 00:45:58,1e-05,2,128,True,0.5,200,32,0.001,"['type=ReduceLROnPlateau', 'mode=min', 'factor=0.1', 'patience=10', 'threshold=0.0001', 'min_lr=1e-06']",Adam,20250129_003533
180,0.005776117272646999,0.009469811937599834,0.013125478918450832,0.5374565054944731,2025-01-29 00:46:02,1e-05,2,128,True,0.5,200,32,0.001,"['type=ReduceLROnPlateau', 'mode=min', 'factor=0.1', 'patience=10', 'threshold=0.0001', 'min_lr=1e-06']",Adam,20250129_003533
181,0.005728215653235987,0.009438163929334113,0.01308522994802063,0.5397478581382488,2025-01-29 00:46:05,1e-05,2,128,True,0.5,200,32,0.001,"['type=ReduceLROnPlateau', 'mode=min', 'factor=0.1', 'patience=10', 'threshold=0.0001', 'min_lr=1e-06']",Adam,20250129_003533
182,0.005700152042650521,0.009439741498282044,0.01307240049878564,0.5381999133749229,2025-01-29 00:46:09,1e-05,2,128,True,0.5,200,32,0.001,"['type=ReduceLROnPlateau', 'mode=min', 'factor=0.1', 'patience=10', 'threshold=0.0001', 'min_lr=1e-06']",Adam,20250129_003533
183,0.005693272571487596,0.009459911025481224,0.013099853064615929,0.5356262437311763,2025-01-29 00:46:12,1e-05,2,128,True,0.5,200,32,0.001,"['type=ReduceLROnPlateau', 'mode=min', 'factor=0.1', 'patience=10', 'threshold=0.0001', 'min_lr=1e-06']",Adam,20250129_003533
184,0.005664636522159548,0.009440174909567223,0.013070107279989522,0.5373955720290271,2025-01-29 00:46:16,1e-05,2,128,True,0.5,200,32,0.001,"['type=ReduceLROnPlateau', 'mode=min', 'factor=0.1', 'patience=10', 'threshold=0.0001', 'min_lr=1e-06']",Adam,20250129_003533
185,0.005646710295145678,0.009416498098408593,0.01304218635836965,0.5384603725446188,2025-01-29 00:46:19,1e-05,2,128,True,0.5,200,32,0.001,"['type=ReduceLROnPlateau', 'mode=min', 'factor=0.1', 'patience=10', 'threshold=0.0001', 'min_lr=1e-06']",Adam,20250129_003533
186,0.005636426135464628,0.009436391498188344,0.013068992403518408,0.5374921220871605,2025-01-29 00:46:23,1e-05,2,128,True,0.5,200,32,0.001,"['type=ReduceLROnPlateau', 'mode=min', 'factor=0.1', 'patience=10', 'threshold=0.0001', 'min_lr=1e-06']",Adam,20250129_003533
187,0.005603089378245186,0.009408188836578884,0.013023449598741188,0.5396884784803717,2025-01-29 00:46:26,1e-05,2,128,True,0.5,200,32,0.001,"['type=ReduceLROnPlateau', 'mode=min', 'factor=0.1', 'patience=10', 'threshold=0.0001', 'min_lr=1e-06']",Adam,20250129_003533
188,0.005601631824627076,0.009427488020375218,0.013065500064961788,0.53893449843419,2025-01-29 00:46:30,1e-05,2,128,True,0.5,200,32,0.001,"['type=ReduceLROnPlateau', 'mode=min', 'factor=0.1', 'patience=10', 'threshold=0.0001', 'min_lr=1e-06']",Adam,20250129_003533
189,0.005583725723000698,0.009390325733968715,0.013018323052300575,0.539247755954842,2025-01-29 00:46:33,1e-05,2,128,True,0.5,200,32,0.001,"['type=ReduceLROnPlateau', 'mode=min', 'factor=0.1', 'patience=10', 'threshold=0.0001', 'min_lr=1e-06']",Adam,20250129_003533
190,0.005556378040637355,0.009401499203713089,0.013022703574418773,0.536871290615648,2025-01-29 00:46:36,1e-05,2,128,True,0.5,200,32,0.001,"['type=ReduceLROnPlateau', 'mode=min', 'factor=0.1', 'patience=10', 'threshold=0.0001', 'min_lr=1e-06']",Adam,20250129_003533
191,0.005533408210328893,0.009371702406361208,0.012980942809320778,0.5398447505536298,2025-01-29 00:46:40,1e-05,2,128,True,0.5,200,32,0.001,"['type=ReduceLROnPlateau', 'mode=min', 'factor=0.1', 'patience=10', 'threshold=0.0001', 'min_lr=1e-06']",Adam,20250129_003533
192,0.005546266926316226,0.009363490896478048,0.012968780395842847,0.5390140695021786,2025-01-29 00:46:43,1e-05,2,128,True,0.5,200,32,0.001,"['type=ReduceLROnPlateau', 'mode=min', 'factor=0.1', 'patience=10', 'threshold=0.0001', 'min_lr=1e-06']",Adam,20250129_003533
193,0.0055283429082475955,0.009360754545617557,0.01296678223968278,0.5371708143556185,2025-01-29 00:46:47,1e-05,2,128,True,0.5,200,32,0.001,"['type=ReduceLROnPlateau', 'mode=min', 'factor=0.1', 'patience=10', 'threshold=0.0001', 'min_lr=1e-06']",Adam,20250129_003533
194,0.005496989247419661,0.009339193775185013,0.01292312714288887,0.5391706781976395,2025-01-29 00:46:51,1e-05,2,128,True,0.5,200,32,0.001,"['type=ReduceLROnPlateau', 'mode=min', 'factor=0.1', 'patience=10', 'threshold=0.0001', 'min_lr=1e-06']",Adam,20250129_003533
195,0.005520427664660241,0.009406182176275608,0.013047310086047202,0.5382208759303975,2025-01-29 00:46:54,1e-05,2,128,True,0.5,200,32,0.001,"['type=ReduceLROnPlateau', 'mode=min', 'factor=0.1', 'patience=10', 'threshold=0.0001', 'min_lr=1e-06']",Adam,20250129_003533
196,0.005475200269903303,0.009376229009227653,0.01300233622780804,0.5389147922587498,2025-01-29 00:46:57,1e-05,2,128,True,0.5,200,32,0.001,"['type=ReduceLROnPlateau', 'mode=min', 'factor=0.1', 'patience=10', 'threshold=0.0001', 'min_lr=1e-06']",Adam,20250129_003533
197,0.005468118099523097,0.009337836008887629,0.012952523884415137,0.5388841599499808,2025-01-29 00:47:01,1e-05,2,128,True,0.5,200,32,0.001,"['type=ReduceLROnPlateau', 'mode=min', 'factor=0.1', 'patience=10', 'threshold=0.0001', 'min_lr=1e-06']",Adam,20250129_003533
198,0.005454111956182382,0.009322150862801856,0.012937440909098761,0.5396697760313017,2025-01-29 00:47:04,1e-05,2,128,True,0.5,200,32,0.001,"['type=ReduceLROnPlateau', 'mode=min', 'factor=0.1', 'patience=10', 'threshold=0.0001', 'min_lr=1e-06']",Adam,20250129_003533
199,0.0054347209234969695,0.009325233035864772,0.01292948220035471,0.5365833269340686,2025-01-29 00:47:08,1e-05,2,128,True,0.5,200,32,0.001,"['type=ReduceLROnPlateau', 'mode=min', 'factor=0.1', 'patience=10', 'threshold=0.0001', 'min_lr=1e-06']",Adam,20250129_003533
200,0.005425614829206408,0.009336286407122774,0.012951860675391204,0.5367893022262183,2025-01-29 00:47:11,1e-05,2,128,True,0.5,200,32,0.001,"['type=ReduceLROnPlateau', 'mode=min', 'factor=0.1', 'patience=10', 'threshold=0.0001', 'min_lr=1e-06']",Adam,20250129_003533
201,0.005399114795727656,0.009335776833561276,0.012945053977651897,0.5375840954703436,2025-01-29 00:47:15,1e-05,2,128,True,0.5,200,32,0.001,"['type=ReduceLROnPlateau', 'mode=min', 'factor=0.1', 'patience=10', 'threshold=0.0001', 'min_lr=1e-06']",Adam,20250129_003533
202,0.005390693175091079,0.009344119894781087,0.012956158925476424,0.5385740303041362,2025-01-29 00:47:18,1e-05,2,128,True,0.5,200,32,0.001,"['type=ReduceLROnPlateau', 'mode=min', 'factor=0.1', 'patience=10', 'threshold=0.0001', 'min_lr=1e-06']",Adam,20250129_003533
203,0.00538960957039707,0.009316877978460843,0.01293274517103458,0.539894532956661,2025-01-29 00:47:22,1e-05,2,128,True,0.5,200,32,0.001,"['type=ReduceLROnPlateau', 'mode=min', 'factor=0.1', 'patience=10', 'threshold=0.0001', 'min_lr=1e-06']",Adam,20250129_003533
204,0.005363927391821252,0.009315866511536106,0.012924388444779661,0.5394075328418527,2025-01-29 00:47:25,1e-05,2,128,True,0.5,200,32,0.001,"['type=ReduceLROnPlateau', 'mode=min', 'factor=0.1', 'patience=10', 'threshold=0.0001', 'min_lr=1e-06']",Adam,20250129_003533
205,0.005333535005269279,0.00929605749759877,0.012908577036573719,0.5418842681482865,2025-01-29 00:47:29,1e-05,2,128,True,0.5,200,32,0.001,"['type=ReduceLROnPlateau', 'mode=min', 'factor=0.1', 'patience=10', 'threshold=0.0001', 'min_lr=1e-06']",Adam,20250129_003533
206,0.0053491079468718766,0.009324932507654487,0.01294910793802495,0.5409847967289163,2025-01-29 00:47:32,1e-05,2,128,True,0.5,200,32,0.001,"['type=ReduceLROnPlateau', 'mode=min', 'factor=0.1', 'patience=10', 'threshold=0.0001', 'min_lr=1e-06']",Adam,20250129_003533
207,0.005333108404135224,0.009310386036508406,0.012923644259751746,0.5387142509216777,2025-01-29 00:47:36,1e-05,2,128,True,0.5,200,32,0.001,"['type=ReduceLROnPlateau', 'mode=min', 'factor=0.1', 'patience=10', 'threshold=0.0001', 'min_lr=1e-06']",Adam,20250129_003533
208,0.005309379162166052,0.009327210341028055,0.012944345039849006,0.5381184690511285,2025-01-29 00:47:39,1e-05,2,128,True,0.5,200,32,0.001,"['type=ReduceLROnPlateau', 'mode=min', 'factor=0.1', 'patience=10', 'threshold=0.0001', 'min_lr=1e-06']",Adam,20250129_003533
209,0.00529306567318932,0.009332187361829608,0.012946826921850394,0.5382385481596831,2025-01-29 00:47:43,1e-05,2,128,True,0.5,200,32,0.001,"['type=ReduceLROnPlateau', 'mode=min', 'factor=0.1', 'patience=10', 'threshold=0.0001', 'min_lr=1e-06']",Adam,20250129_003533
210,0.005338809458274826,0.009312672988679853,0.012921130429070265,0.5399020281772784,2025-01-29 00:47:46,1e-05,2,128,True,0.5,200,32,0.001,"['type=ReduceLROnPlateau', 'mode=min', 'factor=0.1', 'patience=10', 'threshold=0.0001', 'min_lr=1e-06']",Adam,20250129_003533
211,0.0052846730719998385,0.009318488076073281,0.012908422852915049,0.5382299358208833,2025-01-29 00:47:50,1e-05,2,128,True,0.5,200,32,0.001,"['type=ReduceLROnPlateau', 'mode=min', 'factor=0.1', 'patience=10', 'threshold=0.0001', 'min_lr=1e-06']",Adam,20250129_003533
212,0.005308236898346833,0.009304591214628923,0.012902879554321062,0.537684681691026,2025-01-29 00:47:53,1e-05,2,128,True,0.5,200,32,0.001,"['type=ReduceLROnPlateau', 'mode=min', 'factor=0.1', 'patience=10', 'threshold=0.0001', 'min_lr=1e-06']",Adam,20250129_003533
213,0.005288531394815924,0.009309583800692802,0.012918196146076099,0.5386919973577179,2025-01-29 00:47:57,1e-05,2,128,True,0.5,200,32,0.001,"['type=ReduceLROnPlateau', 'mode=min', 'factor=0.1', 'patience=10', 'threshold=0.0001', 'min_lr=1e-06']",Adam,20250129_003533
214,0.005236960326466232,0.009282636269396629,0.01287411048114618,0.5389812661827981,2025-01-29 00:48:00,1e-05,2,128,True,0.5,200,32,0.001,"['type=ReduceLROnPlateau', 'mode=min', 'factor=0.1', 'patience=10', 'threshold=0.0001', 'min_lr=1e-06']",Adam,20250129_003533
215,0.005250617723673136,0.009309890368950899,0.012925374581492743,0.542219661228115,2025-01-29 00:48:04,1e-05,2,128,True,0.5,200,32,0.001,"['type=ReduceLROnPlateau', 'mode=min', 'factor=0.1', 'patience=10', 'threshold=0.0001', 'min_lr=1e-06']",Adam,20250129_003533
216,0.005241422931989868,0.009301088122675053,0.01289999047190737,0.5391428128766247,2025-01-29 00:48:07,1e-05,2,128,True,0.5,200,32,0.001,"['type=ReduceLROnPlateau', 'mode=min', 'factor=0.1', 'patience=10', 'threshold=0.0001', 'min_lr=1e-06']",Adam,20250129_003533
217,0.00524770645064475,0.009319865340662079,0.0129384792557096,0.5395395587347227,2025-01-29 00:48:11,1e-05,2,128,True,0.5,200,32,0.001,"['type=ReduceLROnPlateau', 'mode=min', 'factor=0.1', 'patience=10', 'threshold=0.0001', 'min_lr=1e-06']",Adam,20250129_003533
218,0.005212274221172797,0.00930076451963219,0.012897706157175377,0.5406726223525393,2025-01-29 00:48:14,1e-05,2,128,True,0.5,200,32,0.001,"['type=ReduceLROnPlateau', 'mode=min', 'factor=0.1', 'patience=10', 'threshold=0.0001', 'min_lr=1e-06']",Adam,20250129_003533
219,0.005234248938847109,0.009290458745862087,0.012888792076430268,0.5396386332879491,2025-01-29 00:48:18,1e-05,2,128,True,0.5,200,32,0.001,"['type=ReduceLROnPlateau', 'mode=min', 'factor=0.1', 'patience=10', 'threshold=0.0001', 'min_lr=1e-06']",Adam,20250129_003533
220,0.005211789868935295,0.009295790750826692,0.012907313623939348,0.5380027260729082,2025-01-29 00:48:21,1e-05,2,128,True,0.5,200,32,0.001,"['type=ReduceLROnPlateau', 'mode=min', 'factor=0.1', 'patience=10', 'threshold=0.0001', 'min_lr=1e-06']",Adam,20250129_003533
221,0.005201863351328761,0.009313033444082533,0.012917800131745523,0.5371116749774231,2025-01-29 00:48:25,1e-05,2,128,True,0.5,200,32,0.001,"['type=ReduceLROnPlateau', 'mode=min', 'factor=0.1', 'patience=10', 'threshold=0.0001', 'min_lr=1e-06']",Adam,20250129_003533
222,0.0051977014131208725,0.009281098384031522,0.01287115399762526,0.5386709742725843,2025-01-29 00:48:28,1e-05,2,128,True,0.5,200,32,0.001,"['type=ReduceLROnPlateau', 'mode=min', 'factor=0.1', 'patience=10', 'threshold=0.0001', 'min_lr=1e-06']",Adam,20250129_003533
223,0.0051616972318187454,0.00931143219992502,0.012916999327336202,0.5364442553047283,2025-01-29 00:48:32,1e-05,2,128,True,0.5,200,32,0.001,"['type=ReduceLROnPlateau', 'mode=min', 'factor=0.1', 'patience=10', 'threshold=0.0001', 'min_lr=1e-06']",Adam,20250129_003533
224,0.0051568271894122915,0.009285972133409677,0.012887958838455948,0.5382641697690413,2025-01-29 00:48:35,1e-05,2,128,True,0.5,200,32,0.001,"['type=ReduceLROnPlateau', 'mode=min', 'factor=0.1', 'patience=10', 'threshold=0.0001', 'min_lr=1e-06']",Adam,20250129_003533
225,0.005179099257603833,0.00930686350001681,0.012924042242108863,0.5378635032440953,2025-01-29 00:48:38,1e-05,2,128,True,0.5,200,32,0.001,"['type=ReduceLROnPlateau', 'mode=min', 'factor=0.1', 'patience=10', 'threshold=0.0001', 'min_lr=1e-06']",Adam,20250129_003533
226,0.0051616536995868776,0.009306359219306478,0.012910171325203485,0.5378168731053968,2025-01-29 00:48:42,1e-05,2,128,True,0.5,200,32,0.001,"['type=ReduceLROnPlateau', 'mode=min', 'factor=0.1', 'patience=10', 'threshold=0.0001', 'min_lr=1e-06']",Adam,20250129_003533
227,0.005143290788789561,0.009260011826703465,0.012849044053850825,0.5419826986777846,2025-01-29 00:48:45,1e-05,2,128,True,0.5,200,32,0.001,"['type=ReduceLROnPlateau', 'mode=min', 'factor=0.1', 'patience=10', 'threshold=0.0001', 'min_lr=1e-06']",Adam,20250129_003533
228,0.005098301126204982,0.009318849644739976,0.012940913220877205,0.5382122924850034,2025-01-29 00:48:49,1e-05,2,128,True,0.5,200,32,0.001,"['type=ReduceLROnPlateau', 'mode=min', 'factor=0.1', 'patience=10', 'threshold=0.0001', 'min_lr=1e-06']",Adam,20250129_003533
229,0.005131585533832194,0.009299203152694875,0.012917569926830292,0.5393193695233058,2025-01-29 00:48:52,1e-05,2,128,True,0.5,200,32,0.001,"['type=ReduceLROnPlateau', 'mode=min', 'factor=0.1', 'patience=10', 'threshold=0.0001', 'min_lr=1e-06']",Adam,20250129_003533
230,0.005115472833175573,0.009260650862857784,0.012838939897756812,0.5388812247290472,2025-01-29 00:48:56,1e-05,2,128,True,0.5,200,32,0.001,"['type=ReduceLROnPlateau', 'mode=min', 'factor=0.1', 'patience=10', 'threshold=0.0001', 'min_lr=1e-06']",Adam,20250129_003533
231,0.005118305479251232,0.009298659314676981,0.012907610748872726,0.5376285741879727,2025-01-29 00:48:59,1e-05,2,128,True,0.5,200,32,0.001,"['type=ReduceLROnPlateau', 'mode=min', 'factor=0.1', 'patience=10', 'threshold=0.0001', 'min_lr=1e-06']",Adam,20250129_003533
232,0.005113728211432406,0.009279710926761102,0.012880204694953925,0.5393274801547643,2025-01-29 00:49:03,1e-05,2,128,True,0.5,200,32,0.001,"['type=ReduceLROnPlateau', 'mode=min', 'factor=0.1', 'patience=10', 'threshold=0.0001', 'min_lr=1e-06']",Adam,20250129_003533
233,0.0051061682471676825,0.009271585339596402,0.012878066688425257,0.542816310181355,2025-01-29 00:49:06,1e-05,2,128,True,0.5,200,32,0.001,"['type=ReduceLROnPlateau', 'mode=min', 'factor=0.1', 'patience=10', 'threshold=0.0001', 'min_lr=1e-06']",Adam,20250129_003533
234,0.005085078621050343,0.009285693499643848,0.012879955999089511,0.5406739558128245,2025-01-29 00:49:10,1e-05,2,128,True,0.5,200,32,0.001,"['type=ReduceLROnPlateau', 'mode=min', 'factor=0.1', 'patience=10', 'threshold=0.0001', 'min_lr=1e-06']",Adam,20250129_003533
235,0.005097567616323387,0.009255891213006944,0.012835863760241819,0.5428381811492463,2025-01-29 00:49:13,1e-05,2,128,True,0.5,200,32,0.001,"['type=ReduceLROnPlateau', 'mode=min', 'factor=0.1', 'patience=10', 'threshold=0.0001', 'min_lr=1e-06']",Adam,20250129_003533
236,0.005075164342278873,0.009287031868289232,0.012893829815133184,0.5390473012200652,2025-01-29 00:49:17,1e-05,2,128,True,0.5,200,32,0.001,"['type=ReduceLROnPlateau', 'mode=min', 'factor=0.1', 'patience=10', 'threshold=0.0001', 'min_lr=1e-06']",Adam,20250129_003533
237,0.005067698662011336,0.009289008095318796,0.012877350982735057,0.5397359900082046,2025-01-29 00:49:20,1e-05,2,128,True,0.5,200,32,0.001,"['type=ReduceLROnPlateau', 'mode=min', 'factor=0.1', 'patience=10', 'threshold=0.0001', 'min_lr=1e-06']",Adam,20250129_003533
238,0.005038120628727838,0.009281238499816281,0.012877911301145633,0.5391872297710927,2025-01-29 00:49:23,1e-05,2,128,True,0.5,200,32,0.001,"['type=ReduceLROnPlateau', 'mode=min', 'factor=0.1', 'patience=10', 'threshold=0.0001', 'min_lr=1e-06']",Adam,20250129_003533
239,0.005065841919278638,0.009255565499273378,0.012844813696625903,0.5406169115961544,2025-01-29 00:49:27,1e-05,2,128,True,0.5,200,32,0.001,"['type=ReduceLROnPlateau', 'mode=min', 'factor=0.1', 'patience=10', 'threshold=0.0001', 'min_lr=1e-06']",Adam,20250129_003533
240,0.005031432774966361,0.009261838976348474,0.012851815354275396,0.5401956047224024,2025-01-29 00:49:30,1e-05,2,128,True,0.5,200,32,0.001,"['type=ReduceLROnPlateau', 'mode=min', 'factor=0.1', 'patience=10', 'threshold=0.0001', 'min_lr=1e-06']",Adam,20250129_003533
241,0.005020545092569281,0.0092694879441747,0.01285841591068792,0.5412213680182736,2025-01-29 00:49:34,1e-05,2,128,True,0.5,200,32,0.001,"['type=ReduceLROnPlateau', 'mode=min', 'factor=0.1', 'patience=10', 'threshold=0.0001', 'min_lr=1e-06']",Adam,20250129_003533
242,0.005046959403705664,0.009279420292918178,0.012899587585535024,0.5392648994690881,2025-01-29 00:49:37,1e-05,2,128,True,0.5,200,32,0.001,"['type=ReduceLROnPlateau', 'mode=min', 'factor=0.1', 'patience=10', 'threshold=0.0001', 'min_lr=1e-06']",Adam,20250129_003533
243,0.0050180666508999935,0.00925325195735283,0.01285331687101003,0.5416040111982752,2025-01-29 00:49:41,1e-05,2,128,True,0.5,200,32,0.001,"['type=ReduceLROnPlateau', 'mode=min', 'factor=0.1', 'patience=10', 'threshold=0.0001', 'min_lr=1e-06']",Adam,20250129_003533
244,0.005000220252534235,0.009240765096934563,0.012838741505669016,0.5421694355902658,2025-01-29 00:49:44,1e-05,2,128,True,0.5,200,32,0.001,"['type=ReduceLROnPlateau', 'mode=min', 'factor=0.1', 'patience=10', 'threshold=0.0001', 'min_lr=1e-06']",Adam,20250129_003533
245,0.005036525665837405,0.009261104497786152,0.012869845137213995,0.5403858020799598,2025-01-29 00:49:48,1e-05,2,128,True,0.5,200,32,0.001,"['type=ReduceLROnPlateau', 'mode=min', 'factor=0.1', 'patience=10', 'threshold=0.0001', 'min_lr=1e-06']",Adam,20250129_003533
246,0.005026069840326871,0.009257368566569677,0.012856119099350723,0.5408421655535467,2025-01-29 00:49:51,1e-05,2,128,True,0.5,200,32,0.001,"['type=ReduceLROnPlateau', 'mode=min', 'factor=0.1', 'patience=10', 'threshold=0.0001', 'min_lr=1e-06']",Adam,20250129_003533
247,0.004992806778300735,0.009238234587861948,0.012832052599167094,0.5417509104782423,2025-01-29 00:49:55,1e-05,2,128,True,0.5,200,32,0.001,"['type=ReduceLROnPlateau', 'mode=min', 'factor=0.1', 'patience=10', 'threshold=0.0001', 'min_lr=1e-06']",Adam,20250129_003533
248,0.004944501747989462,0.009268578334434598,0.012879863655506233,0.5399359773679877,2025-01-29 00:49:58,1e-05,2,128,True,0.5,200,32,0.001,"['type=ReduceLROnPlateau', 'mode=min', 'factor=0.1', 'patience=10', 'threshold=0.0001', 'min_lr=1e-06']",Adam,20250129_003533
249,0.004965528973045322,0.009298150984131243,0.012914731413375787,0.5402479170594688,2025-01-29 00:50:02,1e-05,2,128,True,0.5,200,32,0.001,"['type=ReduceLROnPlateau', 'mode=min', 'factor=0.1', 'patience=10', 'threshold=0.0001', 'min_lr=1e-06']",Adam,20250129_003533
250,0.0049533488588988294,0.009227564255142569,0.012805134609105508,0.5425017460678565,2025-01-29 00:50:05,1e-05,2,128,True,0.5,200,32,0.001,"['type=ReduceLROnPlateau', 'mode=min', 'factor=0.1', 'patience=10', 'threshold=0.0001', 'min_lr=1e-06']",Adam,20250129_003533
